<?xml version="1.0" encoding="UTF-8"?>
<!DOCTYPE html PUBLIC "-//W3C//DTD XHTML 1.0 Transitional//EN"
    "http://www.w3.org/TR/xhtml1/DTD/xhtml1-transitional.dtd">
<html xmlns="http://www.w3.org/1999/xhtml" xml:lang="en" lang="en">
 <head>
  <title>
</title>
<meta http-equiv="Content-Type" content="text/html;charset=utf-8" />
  <meta name='ocr-system' content='tesseract 3.04.00' />
  <meta name='ocr-capabilities' content='ocr_page ocr_carea ocr_par ocr_line ocrx_word'/>
</head>
<body>
  <div class='ocr_page' id='page_1' title='image "./mtulliciceronis08cicegoog/mtulliciceronis08cicegoog_0054.png"; bbox 0 0 2602 3864; ppageno 0'>
   <div class='ocr_carea' id='block_1_1' title="bbox 150 226 1091 299">
    <p class='ocr_par' dir='ltr' id='par_1_1' title="bbox 150 226 1091 299">
     <span class='ocr_line' id='line_1_1' title="bbox 150 226 1091 299; baseline -0.001 -17"><span class='ocrx_word' id='word_1_1' title='bbox 150 230 258 283; x_wconf 68' lang='lat' dir='ltr'>xxvi</span> <span class='ocrx_word' id='word_1_2' title='bbox 271 228 318 299; x_wconf 89' lang='lat'>97]</span> <span class='ocrx_word' id='word_1_3' title='bbox 533 227 587 279; x_wconf 78' lang='lat' dir='ltr'>nu</span> <span class='ocrx_word' id='word_1_4' title='bbox 613 226 812 282; x_wconf 81' lang='lat' dir='ltr'>Antcmm.</span> <span class='ocrx_word' id='word_1_5' title='bbox 1053 230 1091 296; x_wconf 83' lang='lat'>35</span> 
     </span>
    </p>
   </div>
   <div class='ocr_carea' id='block_1_2' title="bbox 147 397 1099 568">
    <p class='ocr_par' dir='ltr' id='par_1_2' title="bbox 147 397 1099 568">
     <span class='ocr_line' id='line_1_2' title="bbox 150 397 1099 476; baseline 0.001 -19"><span class='ocrx_word' id='word_1_6' title='bbox 150 402 249 474; x_wconf 82' lang='lat' dir='ltr'><em>Negat</em></span> <span class='ocrx_word' id='word_1_7' title='bbox 260 400 335 476; x_wconf 84' lang='lat' dir='ltr'>quis,</span> <span class='ocrx_word' id='word_1_8' title='bbox 344 417 411 473; x_wconf 81' lang='lat' dir='ltr'>nego</span> <span class='ocrx_word' id='word_1_9' title='bbox 420 420 432 465; x_wconf 90' lang='lat'>,·</span> <span class='ocrx_word' id='word_1_10' title='bbox 451 397 506 471; x_wconf 78' lang='lat' dir='ltr'>ar&#39;t,</span> <span class='ocrx_word' id='word_1_11' title='bbox 518 399 565 455; x_wconf 80' lang='lat' dir='ltr'>aio</span> <span class='ocrx_word' id='word_1_12' title='bbox 573 420 585 465; x_wconf 84' lang='lat'>,·</span> <span class='ocrx_word' id='word_1_13' title='bbox 598 404 742 472; x_wconf 78' lang='lat' dir='ltr'>postremo</span> <span class='ocrx_word' id='word_1_14' title='bbox 753 397 897 472; x_wconf 77' lang='lat' dir='ltr'><em>imperavi</em></span> <span class='ocrx_word' id='word_1_15' title='bbox 908 406 1012 475; x_wconf 81' lang='lat' dir='ltr'>egomet</span> <span class='ocrx_word' id='word_1_16' title='bbox 1023 400 1099 459; x_wconf 76' lang='lat' dir='ltr'>milti</span> 
     </span>
     <span class='ocr_line' id='line_1_3' title="bbox 147 496 411 568; baseline -0.011 -13"><span class='ocrx_word' id='word_1_17' title='bbox 147 498 245 555; x_wconf 82' lang='lat' dir='ltr'>omnia</span> <span class='ocrx_word' id='word_1_18' title='bbox 259 496 411 568; x_wconf 82' lang='lat' dir='ltr'><em>assentari,</em></span> 
     </span>
    </p>
   </div>
   <div class='ocr_carea' id='block_1_3' title="bbox 145 677 1150 3479">
    <p class='ocr_par' dir='ltr' id='par_1_3' title="bbox 145 677 1150 3375">
     <span class='ocr_line' id='line_1_4' title="bbox 148 677 1097 756; baseline 0.002 -19"><span class='ocrx_word' id='word_1_19' title='bbox 148 690 182 737; x_wconf 91' lang='lat' dir='ltr'>ut</span> <span class='ocrx_word' id='word_1_20' title='bbox 197 678 238 736; x_wconf 94' lang='lat' dir='ltr'>ait</span> <span class='ocrx_word' id='word_1_21' title='bbox 260 678 339 736; x_wconf 93' lang='lat' dir='ltr'>idem</span> <span class='ocrx_word' id='word_1_22' title='bbox 355 677 524 750; x_wconf 80' lang='lat' dir='ltr'>Terentius,</span> <span class='ocrx_word' id='word_1_23' title='bbox 545 677 600 736; x_wconf 92' lang='lat' dir='ltr'>sed</span> <span class='ocrx_word' id='word_1_24' title='bbox 623 677 672 736; x_wconf 93' lang='lat' dir='ltr'>ille</span> <span class='ocrx_word' id='word_1_25' title='bbox 696 677 726 735; x_wconf 92' lang='lat' dir='ltr'>in</span> <span class='ocrx_word' id='word_1_26' title='bbox 748 677 920 737; x_wconf 85' lang='lat' dir='ltr'>Gnathonis</span> <span class='ocrx_word' id='word_1_27' title='bbox 945 697 1076 756; x_wconf 89' lang='lat' dir='ltr'>persona</span> <span class='ocrx_word' id='word_1_28' title='bbox 1088 702 1097 755; x_wconf 81' lang='lat'>3</span> 
     </span>
     <span class='ocr_line' id='line_1_5' title="bbox 149 774 1150 856; baseline 0.002 -23"><span class='ocrx_word' id='word_1_29' title='bbox 149 776 231 851; x_wconf 90' lang='lat' dir='ltr'>quod</span> <span class='ocrx_word' id='word_1_30' title='bbox 247 774 334 832; x_wconf 88' lang='lat' dir='ltr'>amici</span> <span class='ocrx_word' id='word_1_31' title='bbox 347 793 443 852; x_wconf 89' lang='lat' dir='ltr'>genus</span> <span class='ocrx_word' id='word_1_32' title='bbox 459 774 602 832; x_wconf 89' lang='lat' dir='ltr'>adhibere</span> <span class='ocrx_word' id='word_1_33' title='bbox 617 774 740 833; x_wconf 92' lang='lat' dir='ltr'>omnino</span> <span class='ocrx_word' id='word_1_34' title='bbox 755 774 885 833; x_wconf 89' lang='lat' dir='ltr'>levitatis</span> <span class='ocrx_word' id='word_1_35' title='bbox 906 785 962 834; x_wconf 91' lang='lat' dir='ltr'>est.</span> <span class='ocrx_word' id='word_1_36' title='bbox 1005 777 1096 836; x_wconf 91' lang='lat' dir='ltr'>Multi</span> <span class='ocrx_word' id='word_1_37' title='bbox 1110 797 1150 856; x_wconf 88' lang='lat'>94</span> 
     </span>
     <span class='ocr_line' id='line_1_6' title="bbox 149 870 1096 945; baseline 0.003 -15"><span class='ocrx_word' id='word_1_38' title='bbox 149 883 250 931; x_wconf 92' lang='lat' dir='ltr'>autem</span> <span class='ocrx_word' id='word_1_39' title='bbox 265 871 461 929; x_wconf 89' lang='lat' dir='ltr'>Gnathonum</span> <span class='ocrx_word' id='word_1_40' title='bbox 476 870 598 945; x_wconf 88' lang='lat' dir='ltr'>similes,</span> <span class='ocrx_word' id='word_1_41' title='bbox 614 891 681 930; x_wconf 93' lang='lat' dir='ltr'>cum</span> <span class='ocrx_word' id='word_1_42' title='bbox 700 871 760 930; x_wconf 91' lang='lat' dir='ltr'>sint</span> <span class='ocrx_word' id='word_1_43' title='bbox 782 871 849 931; x_wconf 90' lang='lat' dir='ltr'>loco</span> <span class='ocrx_word' id='word_1_44' title='bbox 870 873 993 932; x_wconf 84' lang='lat' dir='ltr'>fortuna</span> <span class='ocrx_word' id='word_1_45' title='bbox 1013 874 1096 933; x_wconf 86' lang='lat' dir='ltr'>iama</span> 
     </span>
     <span class='ocr_line' id='line_1_7' title="bbox 148 968 1096 1044; baseline 0.002 -17"><span class='ocrx_word' id='word_1_46' title='bbox 148 968 329 1044; x_wconf 84' lang='lat' dir='ltr'>superiores,</span> <span class='ocrx_word' id='word_1_47' title='bbox 358 986 485 1043; x_wconf 91' lang='lat' dir='ltr'>quorum</span> <span class='ocrx_word' id='word_1_48' title='bbox 513 976 561 1026; x_wconf 88' lang='lat' dir='ltr'>est</span> <span class='ocrx_word' id='word_1_49' title='bbox 593 968 756 1026; x_wconf 85' lang='lat' dir='ltr'>assentatio</span> <span class='ocrx_word' id='word_1_50' title='bbox 789 969 926 1042; x_wconf 89' lang='lat' dir='ltr'>molesta,</span> <span class='ocrx_word' id='word_1_51' title='bbox 955 988 1023 1028; x_wconf 90' lang='lat' dir='ltr'>cum</span> <span class='ocrx_word' id='word_1_52' title='bbox 1056 971 1096 1029; x_wconf 93' lang='lat' dir='ltr'>ad</span> 
     </span>
     <span class='ocr_line' id='line_1_8' title="bbox 148 1063 1147 1145; baseline 0.004 -23"><span class='ocrx_word' id='word_1_53' title='bbox 148 1065 312 1122; x_wconf 85' lang='lat' dir='ltr'>vanitatem</span> <span class='ocrx_word' id='word_1_54' title='bbox 330 1063 458 1122; x_wconf 88' lang='lat' dir='ltr'>accessit</span> <span class='ocrx_word' id='word_1_55' title='bbox 481 1064 652 1124; x_wconf 82' lang='lat' dir='ltr'>auctoritas.</span> <span class='ocrx_word' id='word_1_56' title='bbox 696 1064 819 1124; x_wconf 87' lang='lat' dir='ltr'>Secerni</span> <span class='ocrx_word' id='word_1_57' title='bbox 842 1075 940 1124; x_wconf 90' lang='lat' dir='ltr'>autem</span> <span class='ocrx_word' id='word_1_58' title='bbox 965 1067 1096 1126; x_wconf 90' lang='lat' dir='ltr'>blandus</span> <span class='ocrx_word' id='word_1_59' title='bbox 1110 1086 1147 1145; x_wconf 83' lang='lat'>95</span> 
     </span>
     <span class='ocr_line' id='line_1_9' title="bbox 148 1161 1095 1239; baseline 0.003 -18"><span class='ocrx_word' id='word_1_60' title='bbox 148 1164 262 1222; x_wconf 88' lang='lat' dir='ltr'>amicus</span> <span class='ocrx_word' id='word_1_61' title='bbox 285 1182 304 1222; x_wconf 87' lang='lat' dir='ltr'>a</span> <span class='ocrx_word' id='word_1_62' title='bbox 324 1181 394 1222; x_wconf 89' lang='lat' dir='ltr'>vero</span> <span class='ocrx_word' id='word_1_63' title='bbox 417 1171 448 1221; x_wconf 90' lang='lat' dir='ltr'>et</span> <span class='ocrx_word' id='word_1_64' title='bbox 472 1161 635 1220; x_wconf 87' lang='lat' dir='ltr'>internosci</span> <span class='ocrx_word' id='word_1_65' title='bbox 660 1171 721 1221; x_wconf 91' lang='lat' dir='ltr'>tam</span> <span class='ocrx_word' id='word_1_66' title='bbox 745 1173 847 1239; x_wconf 92' lang='lat' dir='ltr'>potest</span> <span class='ocrx_word' id='word_1_67' title='bbox 869 1164 1006 1223; x_wconf 89' lang='lat' dir='ltr'>adhibita</span> <span class='ocrx_word' id='word_1_68' title='bbox 1029 1165 1095 1224; x_wconf 93' lang='lat' dir='ltr'>dili·</span> 
     </span>
     <span class='ocr_line' id='line_1_10' title="bbox 147 1259 1095 1339; baseline 0.003 -21"><span class='ocrx_word' id='word_1_69' title='bbox 147 1260 258 1338; x_wconf 86' lang='lat' dir='ltr'>gentia,</span> <span class='ocrx_word' id='word_1_70' title='bbox 275 1278 365 1337; x_wconf 91' lang='lat' dir='ltr'>quam</span> <span class='ocrx_word' id='word_1_71' title='bbox 381 1259 483 1317; x_wconf 89' lang='lat' dir='ltr'>omnia</span> <span class='ocrx_word' id='word_1_72' title='bbox 496 1259 598 1337; x_wconf 72' lang='lat' dir='ltr'>fucata</span> <span class='ocrx_word' id='word_1_73' title='bbox 612 1269 643 1317; x_wconf 90' lang='lat' dir='ltr'>et</span> <span class='ocrx_word' id='word_1_74' title='bbox 657 1259 797 1318; x_wconf 90' lang='lat' dir='ltr'>simulata</span> <span class='ocrx_word' id='word_1_75' title='bbox 818 1279 836 1318; x_wconf 91' lang='lat' dir='ltr'>a</span> <span class='ocrx_word' id='word_1_76' title='bbox 857 1260 981 1320; x_wconf 88' lang='lat' dir='ltr'>sinceris</span> <span class='ocrx_word' id='word_1_77' title='bbox 1003 1271 1095 1339; x_wconf 88' lang='lat' dir='ltr'>atque</span> 
     </span>
     <span class='ocr_line' id='line_1_11' title="bbox 147 1336 1095 1441; baseline 0.004 -27"><span class='ocrx_word' id='word_1_78' title='bbox 147 1356 235 1415; x_wconf 81' lang='lat' dir='ltr'>veris,</span> <span class='ocrx_word' id='word_1_79' title='bbox 279 1356 399 1441; x_wconf 64' lang='lat' dir='ltr'>Contio,</span> <span class='ocrx_word' id='word_1_80' title='bbox 420 1336 559 1433; x_wconf 64' lang='lat' dir='ltr'>quaeex</span> <span class='ocrx_word' id='word_1_81' title='bbox 583 1355 813 1430; x_wconf 88' lang='lat' dir='ltr'>imperitissimis</span> <span class='ocrx_word' id='word_1_82' title='bbox 838 1367 966 1431; x_wconf 86' lang='lat' dir='ltr'>constat,</span> <span class='ocrx_word' id='word_1_83' title='bbox 993 1368 1095 1418; x_wconf 90' lang='lat' dir='ltr'>tamen</span> 
     </span>
     <span class='ocr_line' id='line_1_12' title="bbox 148 1442 1095 1530; baseline 0.005 -19"><span class='ocrx_word' id='word_1_84' title='bbox 148 1454 280 1513; x_wconf 90' lang='lat' dir='ltr'>iudicare</span> <span class='ocrx_word' id='word_1_85' title='bbox 308 1442 394 1527; x_wconf 74' lang='lat' dir='ltr'>solet,</span> <span class='ocrx_word' id='word_1_86' title='bbox 421 1453 494 1530; x_wconf 93' lang='lat' dir='ltr'>quid</span> <span class='ocrx_word' id='word_1_87' title='bbox 522 1452 640 1510; x_wconf 88' lang='lat' dir='ltr'>intersit</span> <span class='ocrx_word' id='word_1_88' title='bbox 668 1451 745 1510; x_wconf 90' lang='lat' dir='ltr'>inter</span> <span class='ocrx_word' id='word_1_89' title='bbox 772 1454 959 1528; x_wconf 83' lang='lat' dir='ltr'>popularem,</span> <span class='ocrx_word' id='word_1_90' title='bbox 988 1455 1018 1515; x_wconf 94' lang='lat' dir='ltr'>id</span> <span class='ocrx_word' id='word_1_91' title='bbox 1048 1467 1095 1516; x_wconf 91' lang='lat' dir='ltr'>est</span> 
     </span>
     <span class='ocr_line' id='line_1_13' title="bbox 148 1549 1095 1621; baseline 0.002 -10"><span class='ocrx_word' id='word_1_92' title='bbox 148 1560 366 1611; x_wconf 86' lang='lat' dir='ltr'>assentatorem</span> <span class='ocrx_word' id='word_1_93' title='bbox 392 1560 422 1610; x_wconf 92' lang='lat' dir='ltr'>et</span> <span class='ocrx_word' id='word_1_94' title='bbox 447 1551 544 1609; x_wconf 88' lang='lat' dir='ltr'>levem</span> <span class='ocrx_word' id='word_1_95' title='bbox 569 1549 674 1621; x_wconf 88' lang='lat' dir='ltr'>civem,</span> <span class='ocrx_word' id='word_1_96' title='bbox 697 1553 728 1607; x_wconf 83' lang='lat' dir='ltr'>et</span> <span class='ocrx_word' id='word_1_97' title='bbox 750 1549 827 1607; x_wconf 88' lang='lat' dir='ltr'>inter</span> <span class='ocrx_word' id='word_1_98' title='bbox 850 1560 1041 1611; x_wconf 89' lang='lat' dir='ltr'>constantem</span> <span class='ocrx_word' id='word_1_99' title='bbox 1063 1564 1095 1613; x_wconf 89' lang='lat' dir='ltr'>et</span> 
     </span>
     <span class='ocr_line' id='line_1_14' title="bbox 147 1644 1148 1730; baseline 0.002 -21"><span class='ocrx_word' id='word_1_100' title='bbox 147 1669 250 1710; x_wconf 90' lang='lat' dir='ltr'>verum</span> <span class='ocrx_word' id='word_1_101' title='bbox 265 1659 295 1708; x_wconf 90' lang='lat' dir='ltr'>et</span> <span class='ocrx_word' id='word_1_102' title='bbox 308 1666 439 1726; x_wconf 87' lang='lat' dir='ltr'>gravem.</span> <span class='ocrx_word' id='word_1_103' title='bbox 482 1646 601 1720; x_wconf 85' lang='lat' dir='ltr'>Quibus</span> <span class='ocrx_word' id='word_1_104' title='bbox 618 1644 774 1705; x_wconf 89' lang='lat' dir='ltr'>blanditiis</span> <span class='ocrx_word' id='word_1_105' title='bbox 790 1647 823 1705; x_wconf 93' lang='lat' dir='ltr'>C.</span> <span class='ocrx_word' id='word_1_106' title='bbox 841 1648 978 1723; x_wconf 84' lang='lat' dir='ltr'>Papirius</span> <span class='ocrx_word' id='word_1_107' title='bbox 1000 1668 1095 1726; x_wconf 91' lang='lat' dir='ltr'>nuper</span> <span class='ocrx_word' id='word_1_108' title='bbox 1109 1654 1148 1730; x_wconf 89' lang='lat'>96</span> 
     </span>
     <span class='ocr_line' id='line_1_15' title="bbox 147 1742 1094 1821; baseline 0.003 -16"><span class='ocrx_word' id='word_1_109' title='bbox 147 1746 293 1805; x_wconf 84' lang='lat' dir='ltr'>influebat</span> <span class='ocrx_word' id='word_1_110' title='bbox 308 1745 339 1803; x_wconf 92' lang='lat' dir='ltr'>in</span> <span class='ocrx_word' id='word_1_111' title='bbox 354 1745 434 1803; x_wconf 91' lang='lat' dir='ltr'>auris</span> <span class='ocrx_word' id='word_1_112' title='bbox 449 1742 608 1815; x_wconf 91' lang='lat' dir='ltr'>contionis,</span> <span class='ocrx_word' id='word_1_113' title='bbox 621 1761 690 1800; x_wconf 93' lang='lat' dir='ltr'>cum</span> <span class='ocrx_word' id='word_1_114' title='bbox 701 1742 792 1801; x_wconf 80' lang='lat' dir='ltr'>ferret</span> <span class='ocrx_word' id='word_1_115' title='bbox 807 1744 903 1821; x_wconf 90' lang='lat' dir='ltr'>legem</span> <span class='ocrx_word' id='word_1_116' title='bbox 916 1746 954 1803; x_wconf 93' lang='lat' dir='ltr'>de</span> <span class='ocrx_word' id='word_1_117' title='bbox 966 1746 1094 1808; x_wconf 91' lang='lat' dir='ltr'>tribunis</span> 
     </span>
     <span class='ocr_line' id='line_1_16' title="bbox 147 1845 1093 1925; baseline -0.003 -18"><span class='ocrx_word' id='word_1_118' title='bbox 147 1849 245 1925; x_wconf 91' lang='lat' dir='ltr'>plebis</span> <span class='ocrx_word' id='word_1_119' title='bbox 260 1846 429 1906; x_wconf 88' lang='lat' dir='ltr'>reficiendis</span> <span class='ocrx_word' id='word_1_120' title='bbox 442 1852 449 1907; x_wconf 83' lang='lat' dir='ltr'>l</span> <span class='ocrx_word' id='word_1_121' title='bbox 492 1845 699 1904; x_wconf 91' lang='lat' dir='ltr'>Dissuasimus</span> <span class='ocrx_word' id='word_1_122' title='bbox 714 1863 790 1902; x_wconf 91' lang='lat' dir='ltr'>nos:</span> <span class='ocrx_word' id='word_1_123' title='bbox 819 1845 873 1902; x_wconf 90' lang='lat' dir='ltr'>sed</span> <span class='ocrx_word' id='word_1_124' title='bbox 888 1845 961 1902; x_wconf 92' lang='lat' dir='ltr'>nihil</span> <span class='ocrx_word' id='word_1_125' title='bbox 976 1845 1014 1903; x_wconf 95' lang='lat' dir='ltr'>de</span> <span class='ocrx_word' id='word_1_126' title='bbox 1036 1865 1093 1920; x_wconf 87' lang='lat' dir='ltr'>me,</span> 
     </span>
     <span class='ocr_line' id='line_1_17' title="bbox 148 1939 1092 2022; baseline -0.001 -19"><span class='ocrx_word' id='word_1_127' title='bbox 148 1945 186 2003; x_wconf 90' lang='lat' dir='ltr'>de</span> <span class='ocrx_word' id='word_1_128' title='bbox 202 1944 343 2022; x_wconf 90' lang='lat' dir='ltr'>Scipione</span> <span class='ocrx_word' id='word_1_129' title='bbox 358 1944 457 2003; x_wconf 86' lang='lat' dir='ltr'>dicam</span> <span class='ocrx_word' id='word_1_130' title='bbox 472 1942 623 2001; x_wconf 83' lang='lat' dir='ltr'>libentius</span> <span class='ocrx_word' id='word_1_131' title='bbox 659 1939 783 2013; x_wconf 87' lang='lat' dir='ltr'>Quanta</span> <span class='ocrx_word' id='word_1_132' title='bbox 794 1939 845 2013; x_wconf 82' lang='lat' dir='ltr'>illi,</span> <span class='ocrx_word' id='word_1_133' title='bbox 857 1939 887 1998; x_wconf 93' lang='lat' dir='ltr'>di</span> <span class='ocrx_word' id='word_1_134' title='bbox 899 1940 1092 2017; x_wconf 87' lang='lat' dir='ltr'>immortales,</span> 
     </span>
     <span class='ocr_line' id='line_1_18' title="bbox 146 2037 1093 2122; baseline -0.003 -20"><span class='ocrx_word' id='word_1_135' title='bbox 146 2043 202 2103; x_wconf 84' lang='lat' dir='ltr'>fuit</span> <span class='ocrx_word' id='word_1_136' title='bbox 225 2043 367 2122; x_wconf 88' lang='lat' dir='ltr'>gravitas,</span> <span class='ocrx_word' id='word_1_137' title='bbox 392 2050 507 2120; x_wconf 88' lang='lat' dir='ltr'>quanta</span> <span class='ocrx_word' id='word_1_138' title='bbox 533 2040 564 2098; x_wconf 89' lang='lat' dir='ltr'>in</span> <span class='ocrx_word' id='word_1_139' title='bbox 593 2038 729 2098; x_wconf 83' lang='lat' dir='ltr'>oratione</span> <span class='ocrx_word' id='word_1_140' title='bbox 758 2037 915 2096; x_wconf 85' lang='lat' dir='ltr'>maiestas!</span> <span class='ocrx_word' id='word_1_141' title='bbox 948 2048 981 2097; x_wconf 93' lang='lat' dir='ltr'>ut</span> <span class='ocrx_word' id='word_1_142' title='bbox 1003 2040 1093 2099; x_wconf 83' lang='lat' dir='ltr'>facile</span> 
     </span>
     <span class='ocr_line' id='line_1_19' title="bbox 147 2136 1093 2219; baseline -0.002 -18"><span class='ocrx_word' id='word_1_143' title='bbox 147 2143 254 2201; x_wconf 90' lang='lat' dir='ltr'>ducem</span> <span class='ocrx_word' id='word_1_144' title='bbox 282 2140 386 2219; x_wconf 91' lang='lat' dir='ltr'>populi</span> <span class='ocrx_word' id='word_1_145' title='bbox 415 2136 554 2211; x_wconf 92' lang='lat' dir='ltr'>Romani,</span> <span class='ocrx_word' id='word_1_146' title='bbox 583 2156 646 2196; x_wconf 91' lang='lat' dir='ltr'>non</span> <span class='ocrx_word' id='word_1_147' title='bbox 680 2136 821 2196; x_wconf 91' lang='lat' dir='ltr'>comitem</span> <span class='ocrx_word' id='word_1_148' title='bbox 849 2136 975 2197; x_wconf 88' lang='lat' dir='ltr'>diceres.</span> <span class='ocrx_word' id='word_1_149' title='bbox 1032 2139 1093 2199; x_wconf 91' lang='lat' dir='ltr'>Sed</span> 
     </span>
     <span class='ocr_line' id='line_1_20' title="bbox 146 2238 1093 2317; baseline 0.001 -19"><span class='ocrx_word' id='word_1_150' title='bbox 146 2240 283 2312; x_wconf 84' lang='lat' dir='ltr'>affuistis,</span> <span class='ocrx_word' id='word_1_151' title='bbox 299 2248 330 2298; x_wconf 90' lang='lat' dir='ltr'>et</span> <span class='ocrx_word' id='word_1_152' title='bbox 344 2249 391 2298; x_wconf 93' lang='lat' dir='ltr'>est</span> <span class='ocrx_word' id='word_1_153' title='bbox 406 2239 436 2297; x_wconf 90' lang='lat' dir='ltr'>in</span> <span class='ocrx_word' id='word_1_154' title='bbox 452 2238 591 2299; x_wconf 88' lang='lat' dir='ltr'>manibus</span> <span class='ocrx_word' id='word_1_155' title='bbox 604 2238 710 2299; x_wconf 89' lang='lat' dir='ltr'>oratio.</span> <span class='ocrx_word' id='word_1_156' title='bbox 753 2242 860 2317; x_wconf 88' lang='lat' dir='ltr'>Itaque</span> <span class='ocrx_word' id='word_1_157' title='bbox 875 2241 924 2299; x_wconf 86' lang='lat' dir='ltr'>lex</span> <span class='ocrx_word' id='word_1_158' title='bbox 938 2240 1093 2317; x_wconf 88' lang='lat' dir='ltr'>popularis</span> 
     </span>
     <span class='ocr_line' id='line_1_21' title="bbox 146 2314 1094 2415; baseline -0.002 -19"><span class='ocrx_word' id='word_1_159' title='bbox 146 2336 296 2414; x_wconf 79' lang='lat' dir='ltr'>suffragiis</span> <span class='ocrx_word' id='word_1_160' title='bbox 318 2337 422 2414; x_wconf 90' lang='lat' dir='ltr'>populi</span> <span class='ocrx_word' id='word_1_161' title='bbox 444 2339 602 2413; x_wconf 89' lang='lat' dir='ltr'>repudiata</span> <span class='ocrx_word' id='word_1_162' title='bbox 624 2349 679 2399; x_wconf 87' lang='lat' dir='ltr'>est.</span> <span class='ocrx_word' id='word_1_163' title='bbox 723 2341 832 2415; x_wconf 84' lang='lat' dir='ltr'>Atque,</span> <span class='ocrx_word' id='word_1_164' title='bbox 858 2350 891 2397; x_wconf 94' lang='lat' dir='ltr'>ut</span> <span class='ocrx_word' id='word_1_165' title='bbox 913 2314 952 2396; x_wconf 71' lang='lat' dir='ltr'>ad</span> <span class='ocrx_word' id='word_1_166' title='bbox 978 2357 1026 2396; x_wconf 92' lang='lat' dir='ltr'>me</span> <span class='ocrx_word' id='word_1_167' title='bbox 1050 2356 1094 2396; x_wconf 66' lang='lat' dir='ltr'>re-⁴</span> 
     </span>
     <span class='ocr_line' id='line_1_22' title="bbox 146 2434 1091 2510; baseline -0.001 -16"><span class='ocrx_word' id='word_1_168' title='bbox 146 2436 243 2506; x_wconf 90' lang='lat' dir='ltr'>deam,</span> <span class='ocrx_word' id='word_1_169' title='bbox 272 2434 449 2493; x_wconf 90' lang='lat' dir='ltr'>meministis</span> <span class='ocrx_word' id='word_1_170' title='bbox 478 2435 516 2508; x_wconf 89' lang='lat' dir='ltr'>Q.</span> <span class='ocrx_word' id='word_1_171' title='bbox 545 2436 679 2493; x_wconf 87' lang='lat' dir='ltr'>Maximo</span> <span class='ocrx_word' id='word_1_172' title='bbox 708 2437 800 2493; x_wconf 83' lang='lat' dir='ltr'>fratre</span> <span class='ocrx_word' id='word_1_173' title='bbox 830 2434 977 2510; x_wconf 88' lang='lat' dir='ltr'>Scipionis</span> <span class='ocrx_word' id='word_1_174' title='bbox 1002 2444 1032 2492; x_wconf 89' lang='lat' dir='ltr'>et</span> <span class='ocrx_word' id='word_1_175' title='bbox 1058 2435 1091 2493; x_wconf 92' lang='lat' dir='ltr'>L.</span> 
     </span>
     <span class='ocr_line' id='line_1_23' title="bbox 146 2531 1092 2608; baseline -0.002 -17"><span class='ocrx_word' id='word_1_176' title='bbox 146 2533 293 2591; x_wconf 88' lang='lat' dir='ltr'>Mancino</span> <span class='ocrx_word' id='word_1_177' title='bbox 307 2531 491 2603; x_wconf 90' lang='lat' dir='ltr'>consulibus,</span> <span class='ocrx_word' id='word_1_178' title='bbox 508 2551 597 2608; x_wconf 91' lang='lat' dir='ltr'>quam</span> <span class='ocrx_word' id='word_1_179' title='bbox 612 2533 767 2608; x_wconf 86' lang='lat' dir='ltr'>popularis</span> <span class='ocrx_word' id='word_1_180' title='bbox 785 2532 833 2589; x_wconf 84' lang='lat' dir='ltr'>lex</span> <span class='ocrx_word' id='word_1_181' title='bbox 855 2531 893 2588; x_wconf 93' lang='lat' dir='ltr'>de</span> <span class='ocrx_word' id='word_1_182' title='bbox 915 2531 1092 2589; x_wconf 87' lang='lat' dir='ltr'>sacerdotiis</span> 
     </span>
     <span class='ocr_line' id='line_1_24' title="bbox 146 2627 1092 2704; baseline -0.003 -14"><span class='ocrx_word' id='word_1_183' title='bbox 146 2631 182 2690; x_wconf 84' lang='lat' dir='ltr'>C.</span> <span class='ocrx_word' id='word_1_184' title='bbox 198 2629 294 2688; x_wconf 91' lang='lat' dir='ltr'>Licini</span> <span class='ocrx_word' id='word_1_185' title='bbox 311 2628 413 2688; x_wconf 88' lang='lat' dir='ltr'>Crassi</span> <span class='ocrx_word' id='word_1_186' title='bbox 428 2628 606 2702; x_wconf 83' lang='lat' dir='ltr'>videbatur3</span> <span class='ocrx_word' id='word_1_187' title='bbox 633 2628 787 2704; x_wconf 89' lang='lat' dir='ltr'>cooptatio</span> <span class='ocrx_word' id='word_1_188' title='bbox 802 2627 880 2686; x_wconf 91' lang='lat' dir='ltr'>enim</span> <span class='ocrx_word' id='word_1_189' title='bbox 896 2628 1092 2704; x_wconf 89' lang='lat' dir='ltr'>collegiorum</span> 
     </span>
     <span class='ocr_line' id='line_1_25' title="bbox 146 2724 1093 2803; baseline -0.005 -17"><span class='ocrx_word' id='word_1_190' title='bbox 146 2727 185 2786; x_wconf 88' lang='lat' dir='ltr'>ad</span> <span class='ocrx_word' id='word_1_191' title='bbox 206 2725 311 2803; x_wconf 92' lang='lat' dir='ltr'>populi</span> <span class='ocrx_word' id='word_1_192' title='bbox 331 2724 511 2783; x_wconf 84' lang='lat' dir='ltr'>beneficium</span> <span class='ocrx_word' id='word_1_193' title='bbox 532 2725 778 2784; x_wconf 81' lang='lat' dir='ltr'>transferebatur.</span> <span class='ocrx_word' id='word_1_194' title='bbox 822 2725 924 2800; x_wconf 90' lang='lat' dir='ltr'>Atque</span> <span class='ocrx_word' id='word_1_195' title='bbox 939 2724 964 2783; x_wconf 94' lang='lat' dir='ltr'>is</span> <span class='ocrx_word' id='word_1_196' title='bbox 979 2724 1093 2800; x_wconf 88' lang='lat' dir='ltr'>primus</span> 
     </span>
     <span class='ocr_line' id='line_1_26' title="bbox 145 2821 1092 2898; baseline -0.003 -16"><span class='ocrx_word' id='word_1_197' title='bbox 145 2823 274 2883; x_wconf 89' lang='lat' dir='ltr'>instituit</span> <span class='ocrx_word' id='word_1_198' title='bbox 299 2822 329 2881; x_wconf 92' lang='lat' dir='ltr'>in</span> <span class='ocrx_word' id='word_1_199' title='bbox 354 2823 452 2880; x_wconf 84' lang='lat' dir='ltr'>forum</span> <span class='ocrx_word' id='word_1_200' title='bbox 475 2840 580 2881; x_wconf 90' lang='lat' dir='ltr'>versus</span> <span class='ocrx_word' id='word_1_201' title='bbox 603 2840 691 2898; x_wconf 85' lang='lat' dir='ltr'>agere</span> <span class='ocrx_word' id='word_1_202' title='bbox 716 2840 784 2880; x_wconf 92' lang='lat' dir='ltr'>cum</span> <span class='ocrx_word' id='word_1_203' title='bbox 810 2821 931 2897; x_wconf 92' lang='lat' dir='ltr'>populo.</span> <span class='ocrx_word' id='word_1_204' title='bbox 974 2821 1092 2879; x_wconf 88' lang='lat' dir='ltr'>Tamen</span> 
     </span>
     <span class='ocr_line' id='line_1_27' title="bbox 145 2916 1092 2995; baseline -0.005 -16"><span class='ocrx_word' id='word_1_205' title='bbox 145 2921 225 2980; x_wconf 92' lang='lat' dir='ltr'>illius</span> <span class='ocrx_word' id='word_1_206' title='bbox 240 2919 423 2978; x_wconf 91' lang='lat' dir='ltr'>vendibilem</span> <span class='ocrx_word' id='word_1_207' title='bbox 438 2918 605 2977; x_wconf 91' lang='lat' dir='ltr'>orationem</span> <span class='ocrx_word' id='word_1_208' title='bbox 621 2918 724 2995; x_wconf 85' lang='lat' dir='ltr'>religio</span> <span class='ocrx_word' id='word_1_209' title='bbox 740 2917 863 2976; x_wconf 87' lang='lat' dir='ltr'>deorum</span> <span class='ocrx_word' id='word_1_210' title='bbox 881 2916 1092 2976; x_wconf 90' lang='lat' dir='ltr'>immortalium</span> 
     </span>
     <span class='ocr_line' id='line_1_28' title="bbox 146 2994 1091 3090; baseline -0.005 -15"><span class='ocrx_word' id='word_1_211' title='bbox 146 2994 494 3077; x_wconf 55' lang='lat' dir='ltr'>nobisdessndeniibus</span> <span class='ocrx_word' id='word_1_212' title='bbox 514 3015 605 3074; x_wconf 82' lang='lat' dir='ltr'>facile</span> <span class='ocrx_word' id='word_1_213' title='bbox 625 3014 775 3074; x_wconf 86' lang='lat' dir='ltr'>vincebat.</span> <span class='ocrx_word' id='word_1_214' title='bbox 819 3017 919 3090; x_wconf 87' lang='lat' dir='ltr'>Atque</span> <span class='ocrx_word' id='word_1_215' title='bbox 940 3014 970 3073; x_wconf 90' lang='lat' dir='ltr'>id</span> <span class='ocrx_word' id='word_1_216' title='bbox 992 3024 1091 3072; x_wconf 93' lang='lat' dir='ltr'>actum</span> 
     </span>
     <span class='ocr_line' id='line_1_29' title="bbox 145 3101 1093 3190; baseline -0.003 -19"><span class='ocrx_word' id='word_1_217' title='bbox 145 3101 193 3172; x_wconf 84' lang='lat' dir='ltr'>est</span> <span class='ocrx_word' id='word_1_218' title='bbox 214 3123 353 3190; x_wconf 89' lang='lat' dir='ltr'>praetore</span> <span class='ocrx_word' id='word_1_219' title='bbox 376 3131 432 3184; x_wconf 90' lang='lat' dir='ltr'>me,</span> <span class='ocrx_word' id='word_1_220' title='bbox 456 3111 662 3188; x_wconf 89' lang='lat' dir='ltr'>quinquennio</span> <span class='ocrx_word' id='word_1_221' title='bbox 685 3122 755 3171; x_wconf 89' lang='lat' dir='ltr'>ante</span> <span class='ocrx_word' id='word_1_222' title='bbox 781 3129 870 3186; x_wconf 87' lang='lat' dir='ltr'>quam</span> <span class='ocrx_word' id='word_1_223' title='bbox 894 3111 1001 3168; x_wconf 90' lang='lat' dir='ltr'>consul</span> <span class='ocrx_word' id='word_1_224' title='bbox 1026 3129 1093 3168; x_wconf 90' lang='lat' dir='ltr'>sum</span> 
     </span>
     <span class='ocr_line' id='line_1_30' title="bbox 145 3208 1094 3286; baseline -0.002 -20"><span class='ocrx_word' id='word_1_225' title='bbox 145 3209 253 3268; x_wconf 84' lang='lat' dir='ltr'>factus.</span> <span class='ocrx_word' id='word_1_226' title='bbox 295 3211 344 3268; x_wconf 93' lang='lat' dir='ltr'>Ita</span> <span class='ocrx_word' id='word_1_227' title='bbox 368 3228 400 3267; x_wconf 89' lang='lat' dir='ltr'>re</span> <span class='ocrx_word' id='word_1_228' title='bbox 424 3208 634 3286; x_wconf 85' lang='lat' dir='ltr'>magisquam</span> <span class='ocrx_word' id='word_1_229' title='bbox 659 3227 777 3267; x_wconf 89' lang='lat' dir='ltr'>summa</span> <span class='ocrx_word' id='word_1_230' title='bbox 799 3208 977 3267; x_wconf 89' lang='lat' dir='ltr'>auctoritate</span> <span class='ocrx_word' id='word_1_231' title='bbox 1001 3225 1094 3266; x_wconf 89' lang='lat' dir='ltr'>causa</span> 
     </span>
     <span class='ocr_line' id='line_1_31' title="bbox 145 3306 536 3375; baseline 0.008 -12"><span class='ocrx_word' id='word_1_232' title='bbox 145 3306 197 3364; x_wconf 91' lang='lat' dir='ltr'>illa</span> <span class='ocrx_word' id='word_1_233' title='bbox 212 3307 339 3366; x_wconf 81' lang='lat' dir='ltr'>defensa</span> <span class='ocrx_word' id='word_1_234' title='bbox 353 3317 408 3366; x_wconf 89' lang='lat' dir='ltr'>est.</span> <span class='ocrx_word' id='word_1_235' title='bbox 476 3368 479 3375; x_wconf 78' lang='grc'>,</span> <span class='ocrx_word' id='word_1_236' title='bbox 532 3338 536 3347; x_wconf 83' lang='lat'>=</span> 
     </span>
    </p>

    <p class='ocr_par' dir='ltr' id='par_1_4' title="bbox 186 3396 1143 3479">
     <span class='ocr_line' id='line_1_32' title="bbox 186 3396 1143 3479; baseline -0.002 -18"><span class='ocrx_word' id='word_1_237' title='bbox 186 3405 304 3462; x_wconf 88' lang='lat' dir='ltr'><strong>XXVI.</strong></span> <span class='ocrx_word' id='word_1_238' title='bbox 347 3405 440 3478; x_wconf 91' lang='lat' dir='ltr'>Quod</span> <span class='ocrx_word' id='word_1_239' title='bbox 454 3404 480 3464; x_wconf 90' lang='lat' dir='ltr'>si</span> <span class='ocrx_word' id='word_1_240' title='bbox 498 3396 527 3462; x_wconf 87' lang='lat' dir='ltr'>in</span> <span class='ocrx_word' id='word_1_241' title='bbox 543 3423 643 3476; x_wconf 91' lang='lat' dir='ltr'>scena,</span> <span class='ocrx_word' id='word_1_242' title='bbox 660 3403 690 3462; x_wconf 92' lang='lat' dir='ltr'>id</span> <span class='ocrx_word' id='word_1_243' title='bbox 706 3402 797 3462; x_wconf 87' lang='lat' dir='ltr'>estin</span> <span class='ocrx_word' id='word_1_244' title='bbox 813 3402 964 3474; x_wconf 86' lang='lat' dir='ltr'>contione,</span> <span class='ocrx_word' id='word_1_245' title='bbox 980 3401 1009 3460; x_wconf 92' lang='lat' dir='ltr'>in</span> <span class='ocrx_word' id='word_1_246' title='bbox 1032 3420 1092 3477; x_wconf 86' lang='lat' dir='ltr'>qua</span> <span class='ocrx_word' id='word_1_247' title='bbox 1106 3418 1143 3479; x_wconf 83' lang='lat'>97</span> 
     </span>
    </p>
   </div>
   <div class='ocr_carea' id='block_1_4' title="bbox 0 0 1306 3864">
    <p class='ocr_par' dir='ltr' id='par_1_5' title="bbox 0 0 1306 3864">
     <span class='ocr_line' id='line_1_33' title="bbox 0 0 1306 3864; baseline 0 1"><span class='ocrx_word' id='word_1_248' title='bbox 0 0 1306 3864; x_wconf 95' lang='lat' dir='ltr'> </span> 
     </span>
    </p>
   </div>
  </div>
 </body>
</html>
