2602 3864
146 248 254 301 xxiv.
268 246 317 317 89]
518 248 572 300 DE
597 248 798 303 nurerum.
937 283 940 289 ,
1051 250 1091 314 33

145 417 273 494 copiam,
288 415 419 475 hominis
436 416 559 475 omnino
575 417 742 494 aspiciendi
756 427 939 496 potestatem
954 418 1092 496 eriperet.

146 514 223 586 Quis
248 523 309 571 tam
337 522 419 572 esset
446 513 561 571 ferreus
590 513 641 590 qui
669 533 736 573 eam
765 515 856 574 vitam
884 517 962 575 ferre
990 526 1095 594 posset

146 611 254 686 cuique
273 627 333 667 non
356 610 486 668 auferret
504 610 634 668 fructum
656 611 846 689 voluptatum
870 613 1003 672 omnium
1027 613 1095 673 soli-

146 707 240 766 tudo?
274 707 387 764 Verum
403 724 475 783 ergo
484 706 558 766 illud
571 717 625 780 est,
638 708 720 783 quod
736 728 754 767 a
768 709 935 769 Tarentino
950 712 1094 790 Archyta,
1109 713 1147 770 88

146 813 179 862 ut
207 802 322 879 opinor,
352 801 412 861 dici
438 803 561 862 solitum
589 816 710 863 nostros
738 824 828 864 senes
858 825 1095 867 commemorare

147 899 247 959 audivi
272 898 311 957 ab
336 898 403 957 aliis
431 899 554 958 senibus
582 900 736 960 auditum:
771 902 798 960 si
823 902 890 979 quis
918 903 950 962 in
977 906 1094 963 caelum

147 995 336 1055 ascendisset
351 1006 549 1071 naturamque
565 998 679 1056 mundi·
691 1008 722 1057 et
742 999 996 1075 pulchritudinem
1018 1002 1097 1062 side·

147 1111 211 1150 rum
226 1091 438 1169 perspexisset,
438 1091 610 1170 jrrsuauem
625 1093 706 1152 illam
722 1095 952 1157 admirationem
970 1098 998 1158 ei
1011 1100 1094 1172 lore,

148 1207 225 1266 quae
237 1189 453 1248 iucundissima
463 1189 580 1264 fuisset,
593 1190 619 1249 si
631 1191 760 1267 aliquem
771 1194 818 1252 cui
830 1206 966 1254 narraret
976 1196 1097 1256 habuis·

147 1298 202 1347 set.
247 1287 296 1346 Sic
321 1297 430 1345 natura
454 1287 621 1346 solitarium
646 1289 720 1347 nihil
746 1301 827 1350 amat
851 1310 1031 1370 semperque
1057 1294 1097 1353 ad

148 1384 271 1460 aliquod
286 1393 440 1459 tamquam
446 1385 668 1476 ‘adminiculum
679 1387 832 1470 adnititur,
845 1390 925 1466 quod
939 1389 969 1449 in
982 1390 1098 1451 amicis·

148 1482 225 1542 simo
240 1500 361 1560 quoque
377 1481 583 1541 dulcissimum
600 1493 655 1543 est.
1092 1520 1097 1525 ·

188 1580 305 1638 XXIV.
349 1580 410 1638 Sed
429 1598 497 1638 curn
518 1589 564 1639 tot
586 1581 680 1659 signis
703 1584 809 1643 eadem
833 1593 942 1643 natura
964 1584 1098 1647 declaret

149 1677 221 1753 quid
250 1676 322 1734 velit
350 1677 490 1753 anquirat
524 1677 684 1752 desideret,
714 1689 816 1738 tamen
852 1680 1097 1742 obsurdescimus

148 1773 251 1832 nescio
267 1792 327 1849 quo
343 1773 434 1831 modo
450 1793 506 1832 nec
521 1794 656 1851 eaquae
672 1777 710 1835 ab
722 1796 759 1836 ea
770 1796 934 1850 monemur,
948 1778 1095 1839 audimus

149 1872 204 1930 Est
219 1870 299 1929 enim
314 1871 414 1929 varius
430 1880 460 1929 et
481 1872 638 1949 multiplex
658 1893 730 1933 usus
752 1874 902 1933 amicitiae
924 1875 1097 1951 multaeque

148 1987 257 2029 causae
277 1968 482 2046 suspicionum
507 1968 769 2047 offensionumque
794 1971 913 2044 dantur,
936 1991 1012 2048 quas
1034 1983 1097 2031 tum

148 2068 269 2140 evitare,
285 2077 348 2127 tum
364 2068 491 2140 elevare,
509 2077 570 2126 tum
588 2068 666 2125 ferre
688 2068 834 2145 sapientis
855 2078 909 2128 est.
952 2070 1025 2127 Una
1046 2069 1099 2129 illa

148 2166 308 2225 subeunda
321 2175 368 2226 est
383 2164 520 2238 offensi0,
537 2174 570 2223 ut
584 2173 615 2222 et
629 2164 743 2223 utilitas
765 2165 794 2223 in
817 2164 949 2224 amicitia
970 2175 1000 2224 et
1021 2166 1098 2225 fides

147 2265 328 2324 retineatur:
357 2284 427 2322 nam
448 2274 480 2323 et
501 2262 645 2321 monendi
660 2261 748 2322 amici
763 2280 854 2337 saepe
869 2274 940 2321 sunt
955 2273 985 2322 et
999 2263 1107 2349 obiur-

148 2361 249 2438 gandi,
269 2371 300 2420 et
320 2362 396 2420 haec
416 2360 594 2437 accipienda
618 2359 722 2432 amice,
748 2378 817 2418 cum
838 2359 986 2419 benevole
1011 2360 1096 2420 fiunt.

138 2443 329 2518 Mnescio
345 2476 405 2532 quo
421 2456 513 2516 modo
526 2475 631 2515 verum
648 2468 702 2528 est,
719 2455 802 2532 quod
823 2455 854 2515 in
877 2455 994 2514 Andria
1014 2456 1098 2515 fami·
1111 2459 1150 2535 89

149 2554 229 2614 liaris
244 2573 329 2613 meus
344 2554 434 2612 dicit:

306 2686 469 2761 obsequium
483 2685 598 2758 amicos,
613 2686 723 2742 veritas
735 2684 832 2742 odium
840 2684 936 2758 parit.

149 2850 283 2910 Molesta
302 2849 422 2921 veritas,
439 2849 589 2924 siquidem
610 2867 648 2906 ex
668 2867 705 2907 ea
726 2849 860 2907 nascitur
880 2848 993 2921 odium,
1015 2850 1098 2925 quod

148 2956 195 3006 est
214 2965 365 3006 venenum
381 2945 540 3018 amicitiae,
555 2945 610 3004 sed
625 2946 804 3021 obsequium
821 2945 916 3004 multo
931 2944 1097 3019 molestius,

148 3045 231 3120 quod
245 3044 379 3122 peccatis
393 3042 553 3121 indulgens
568 3043 764 3120 praecipitem
779 3044 908 3102 amicum
923 3043 994 3101 ferri
1009 3043 1099 3119 sinit;

148 3141 278 3199 maxima
293 3151 393 3200 autem
408 3141 497 3216 culpa
512 3140 542 3198 in
560 3157 607 3211 eo,
623 3139 674 3214 qui
695 3149 726 3198 et
739 3140 896 3198 veritatem
919 3150 1098 3216 aspernatur

148 3248 179 3296 et
201 3237 231 3296 in
251 3238 389 3296 fraudem
406 3237 554 3314 obsequio
569 3236 742 3312 impellitur.
784 3237 875 3296 Omni
891 3237 981 3314 igitur
995 3237 1053 3295 hac
1067 3237 1098 3294 in

148 3350 180 3391 re
197 3331 341 3391 habenda
358 3331 435 3390 ratio
454 3341 484 3390 et
505 3330 662 3409 diligentia
684 3340 739 3401 est,
763 3330 891 3406 primum
916 3339 950 3388 ut
971 3329 1097 3389 monitio

149 3426 322 3499 acerbitate,
338 3426 448 3486 deinde
463 3436 496 3486 ut
509 3424 680 3502 obiurgatio
701 3424 884 3484 contumelia
906 3434 1015 3484 careat.
1059 3426 1097 3484 In

641 3542 657 3592 3
