2602 3864
206 233 243 292 14
311 249 315 257 ·
583 226 754 280 LAELIUS
1030 225 1096 296 [rx.
1112 243 1145 296 32

135 377 140 383 .
200 405 329 470 movent,
346 404 378 454 ut
399 403 430 454 et
444 413 500 453 usu
514 395 588 469 eius,
604 413 692 470 quem
714 394 839 470 diligere
860 407 1033 471 coeperunt,
1048 397 1147 454 truan-

199 502 247 551 tur
274 503 305 550 et
332 491 473 564 moribus,
498 490 617 566 sintque
645 510 734 566 pares
759 491 789 548 in
818 510 920 550 amore
948 503 978 551 et
1002 491 1146 568 aequales

198 588 471 664 propensioresque
497 587 535 645 ad
565 587 641 645 bene
671 588 846 646 merendum
875 607 966 664 quarn
994 589 1034 646 ad
1062 605 1147 663 repo·

199 685 354 756 scendum,
379 695 470 760 atque
497 685 574 743 haec
602 683 680 742 inter
707 702 760 742 eos
788 685 827 743 sit
854 686 984 743 honesta
1009 685 1145 743 certatio

200 780 250 840 Sic
271 791 302 839 et
323 781 467 839 utilitates
488 799 525 838 ex
547 780 677 838 amicitia
699 781 846 840 maximae
864 781 1029 857 capientur,
1045 791 1076 839 et
1090 781 1146 840 erit

198 878 263 936 eius
277 888 361 935 ortus
386 896 404 935 a
429 887 535 935 natura
559 895 650 953 quam
675 877 714 935 ab
742 877 947 936 imbecillitate
971 877 1091 954 gravior
1115 889 1146 937 et

198 973 304 1033 verior.
348 975 427 1032 Nam
449 972 474 1032 si
496 973 609 1031 utilitas
624 973 771 1033 amicitias
793 974 1022 1051 conglutinaret,
1038 974 1145 1033 eadem

198 1079 382 1129 commutata
407 1069 586 1128 dissolveret
598 1091 607 1144 3
641 1072 696 1128 sed
722 1071 793 1147 quia
815 1081 923 1129 natura
951 1057 1059 1128 mutari
1084 1066 1161 1130 non‘

197 1176 306 1243 potest,
327 1167 439 1225 idcirco
461 1184 550 1225 verae
574 1166 722 1225 amicitiae
745 1167 947 1243 sempiternae
968 1177 1047 1226 sunt.
1090 1169 1147 1227 Or·

199 1275 262 1321 tum
284 1263 406 1339 quidem
427 1263 576 1323 amicitiae
598 1263 715 1337 videtis,
739 1264 796 1322 nisi
817 1263 889 1339 quid
911 1264 950 1322 ad
971 1265 1046 1323 haec
1067 1265 1146 1323 torte

198 1359 297 1418 voltis.
668 1377 672 1382 ’
712 1359 715 1367 “

239 1458 395 1516 ΕΑΝΝῙυε.
435 1458 483 1515 Tu
494 1475 566 1516 vero
581 1457 681 1534 perge,
698 1457 801 1516 Laeli!
845 1459 903 1516 Pro
919 1458 977 1517 hoc
988 1457 1078 1530 enirn,
1094 1459 1145 1534 qui

198 1552 296 1612 minor
310 1562 357 1611 est
372 1562 453 1625 natu,
469 1571 537 1612 meo
553 1552 616 1611 iure
631 1554 810 1630 respondeo.

144 1669 183 1728 33
240 1651 413 1709 Scnsvoun.
441 1651 538 1727 Recte
548 1660 580 1708 tu
591 1649 711 1726 quidem
724 1671 730 1708 ε
748 1668 838 1726 quam
850 1650 890 1709 ob
902 1669 964 1708 rem
977 1650 1145 1710 audiamus.

239 1748 277 1805 X.
293 1747 439 1829 Laeuus
462 1745 574 1804 Audite
589 1764 669 1818 vero,
685 1746 791 1821 optimi
805 1746 868 1820 viri,
883 1765 920 1805 ca
938 1766 1015 1824 quae
1033 1749 1145 1824 saepis·

199 1844 274 1903 sime
296 1844 374 1903 inter
401 1862 449 1902 me
468 1855 499 1903 et
515 1843 687 1920 Scipionem
706 1843 744 1902 de
764 1844 895 1903 amicitia
909 1845 1144 1904 disserebantur.

199 1941 391 2018 Quamquam
420 1942 471 2000 ille
498 1941 619 2017 quidem
649 1940 722 1998 nihil
751 1941 901 2000 difficilius
928 1960 995 2000 esse
1023 1943 1145 2002 dicebat

199 2058 289 2116 quam
304 2038 463 2098 amicitiam
479 2060 575 2117 usque
591 2041 629 2099 ad
645 2049 809 2098 extremum
825 2038 904 2096 vitae
926 2038 1006 2096 diem
1029 2058 1145 2115 penna·

198 2154 288 2196 nere:
310 2156 380 2196 narn
401 2138 447 2195 vel
470 2147 503 2196 ut
525 2156 586 2195 non
609 2136 689 2195 idem
710 2134 866 2211 expediret
888 2133 1020 2192 incidere
1042 2154 1143 2211 saepe,

197 2237 244 2295 vel
266 2246 300 2295 ut
318 2237 356 2295 de
376 2256 407 2296 re
422 2238 543 2314 publica
558 2255 618 2295 non
634 2237 713 2296 idem
728 2237 910 2310 sentiretur;
930 2235 1038 2294 mutari
1052 2235 1143 2294 etiam

197 2342 297 2393 mores
312 2334 466 2394 hominum
479 2353 570 2412 saepe
582 2334 711 2406 dicebat,
724 2333 799 2393 alias
811 2333 945 2393 adversis
957 2333 1055 2406 rebus,
1069 2333 1143 2392 alias

197 2441 298 2492 aetate
319 2431 555 2509 ingravescente.
598 2434 700 2509 Atque
725 2451 826 2492 earum
852 2451 949 2491 rerum
973 2432 1143 2508 exemplum

197 2549 235 2589 ex
257 2529 452 2589 similitudine
476 2529 616 2606 capiebat
640 2529 771 2589 ineuntis
796 2529 913 2600 aetatis,
929 2530 1012 2606 quod
1035 2528 1144 2588 summi

197 2628 356 2702 puerorum
380 2645 498 2685 amores
519 2645 611 2702 saepe
632 2646 775 2685 unacum
797 2635 954 2703 praetexta
968 2637 1039 2702 toga
1053 2628 1145 2702 depo

145 2742 183 2800 34
197 2733 358 2796 nerentur;
389 2723 436 2781 sin
467 2734 566 2783 autem
596 2724 635 2782 ad
663 2723 899 2782 adulescentiam
923 2723 1142 2799 perduxissent,

196 2819 294 2878 dirimi
322 2829 424 2879 tamen
452 2820 602 2881 interdum
631 2820 825 2880 contentione
849 2820 897 2877 vel
925 2819 1048 2877 uxoriae
1075 2838 1144 2879 con-

197 2915 325 2976 dicionis
339 2916 387 2975 vel
402 2918 553 2976 commodi
567 2917 701 2990 alicuius,
718 2916 801 2992 quod
821 2916 899 2974 idem
916 2915 1042 2991 adipisci
1064 2925 1143 2973 uter·

197 3031 257 3090 que
285 3032 347 3072 non
374 3024 488 3090 posset.
539 3014 631 3088 Quod
659 3013 685 3072 si
720 3012 771 3089 qui
804 3012 925 3088 longius
953 3011 982 3070 in
1012 3010 1144 3070 amicitia

196 3110 331 3186 provecti
350 3122 460 3183 essent,
476 3121 578 3170 tamen
600 3128 692 3186 saepe
714 3108 898 3180 labefactari,
921 3107 946 3166 si
968 3107 998 3165 in
1020 3108 1143 3167 honoris

196 3206 421 3266 contentionem
437 3207 633 3280 incidissent;
655 3218 770 3283 pestem
783 3205 862 3263 enirn
875 3205 986 3263 nullam
999 3204 1143 3264 maiorem

196 3321 264 3363 esse
290 3303 428 3363 amicitiis
453 3322 543 3379 quam
558 3302 589 3361 in
605 3303 757 3380 plerisque
775 3301 921 3378 pecuniae
936 3301 1142 3377 cupiditatem,

197 3401 228 3461 iu
250 3401 371 3480 optimis
392 3401 562 3479 quibusque
584 3401 709 3460 honoris
733 3410 885 3459 certarnen
907 3407 938 3458 et
959 3399 1083 3476 gloriae,
1105 3416 1144 3458 ex
