2602 3864
153 233 313 304 xx11.s5]
510 235 564 286 nn
590 235 791 288 nurerum.
1057 235 1093 298 3¹1

152 414 230 476 sunt,
260 421 398 479 quaeque
426 403 483 479 ipsi
512 424 572 464 non
598 405 733 464 tribuunt
756 403 869 476 amicis,
892 405 970 462 baec
992 403 1030 461 ab
1056 404 1099 462 eis

152 501 335 560 desiderant.
379 501 438 558 Par
453 511 499 560 est
519 511 620 560 autem
641 502 769 577 primum
792 501 890 577 ipsum
913 519 981 559 esse
1003 501 1098 558 virum

151 599 273 670 bonum,
289 607 351 656 tum
368 597 494 656 alterum
514 598 642 657 similem
665 598 711 657 sui
733 616 886 674 quaerere.
930 598 967 656 In
989 597 1100 655 talibus

151 714 196 769 ea,
223 715 313 771 quam
342 695 400 754 iam
429 695 543 756 dudum
572 706 743 768 tractamus,
773 696 923 754 stabilitas
951 694 1100 753 amicitiae

151 793 322 852 confirmari
335 802 445 869 potest,
462 811 530 851 cum
551 792 689 852 homines
711 792 925 852 benevolentia
947 791 1100 850 coniuncti

152 889 279 964 primum
300 890 516 966 cupiditatibus
535 890 580 949 eis
594 889 703 965 quibus
717 888 810 949 ceteri
824 888 958 947 serviunt
974 888 1101 964 impera·

144 987 234 1056 bunt,
250 986 361 1046 deinde
377 987 528 1063 aequitate
545 985 719 1062 iustitiaque
739 985 917 1062 gaudebunt
939 984 1100 1061 omniaque

152 1084 228 1143 alter
248 1103 302 1160 pro
324 1085 419 1143 altero
435 1085 578 1161 suscipiet
593 1103 691 1160 neque
707 1084 868 1160 quicquam
884 1102 1027 1158 umquam
1043 1083 1101 1141 nisi

146 1182 311 1240 ¹honestum
336 1191 367 1241 et
389 1192 502 1241 rectum
527 1184 602 1241 alter
625 1182 664 1241 ab
688 1182 783 1241 altero
807 1180 982 1257 postulabit,
1002 1198 1100 1256 neque

153 1279 250 1337 solum
264 1279 366 1338 colent
380 1279 457 1338 inter
472 1299 504 1338 se
520 1299 556 1339 ac
570 1281 704 1358 diligent,
719 1280 775 1338 sed
794 1279 885 1338 etiam
907 1279 1099 1337 verebuntur.

153 1377 233 1433 Nam
247 1376 407 1433 maximum
426 1388 634 1436 ornamentum
657 1377 806 1437 amicitiae
828 1376 915 1449 tollit,
933 1375 984 1451 qui
1006 1393 1043 1433 ex
1064 1365 1101 1432 ea

145 1472 230 1536 ¹tollit
244 1473 463 1534 verecundiam.
506 1476 615 1550 Itaque
636 1475 666 1533 in
686 1476 730 1535 eis
745 1473 932 1551 perniciosus
947 1481 994 1530 est
1009 1490 1099 1544 error,
1115 1474 1132 1530 8

154 1568 205 1644 qui
219 1568 389 1628 existimant
404 1569 562 1629 libidinum
577 1582 830 1648 peccatorumque
847 1569 981 1629 omnium
996 1578 1100 1645 patere

154 1665 182 1722 in
212 1664 343 1723 amicitia
371 1666 532 1726 licentiam.
586 1669 738 1726 Virtutum
765 1667 897 1726 amicitia
925 1665 1055 1725 adiutrix
1083 1685 1102 1725 a

155 1771 261 1820 natura
275 1763 347 1821 data
366 1772 420 1835 est,
437 1783 497 1822 non
513 1765 651 1823 vitiorum
673 1785 783 1838 comes,
800 1776 841 1838 ut,
865 1764 1007 1841 quoniam
1029 1763 1100 1822 soli·

155 1859 230 1916 laria
252 1878 313 1917 non
336 1870 439 1935 posset
460 1862 553 1918 virtus
575 1863 613 1920 ad
637 1880 675 1920 ea
699 1880 776 1936 quae
802 1881 920 1921 summa
942 1869 1014 1920 sunt
1036 1879 1101 1937 per-

155 1954 263 2026 venire,
284 1955 446 2015 coniuncta
468 1967 498 2015 et
520 1958 693 2017 consociata
717 1977 784 2016 cum
806 1960 900 2017 altera
919 1958 1098 2033 perveniret.

155 2052 240 2124 Quae
256 2051 280 2110 si
296 2071 372 2128 quos
387 2053 463 2111 inter
477 2054 607 2114 societas
622 2065 674 2114 aut
693 2065 740 2114 est
766 2068 817 2113 aut
840 2054 897 2112 fuit
922 2063 974 2112 aut
998 2056 1100 2114 futura

154 2158 207 2220 est,
232 2167 334 2206 eorum
361 2161 407 2208 est
431 2150 589 2210 habendus
608 2151 646 2210 ad
667 2171 815 2210 summum
840 2162 964 2210 naturae
985 2153 1099 2211 bonum

153 2246 284 2322 optimus
298 2247 550 2324 beatissimusque
573 2250 743 2309 comitatus.
787 2251 875 2308 Haec
895 2260 950 2324 est,
967 2251 1099 2328 inquam,
1115 2255 1132 2310 8

153 2345 291 2415 societas,
317 2344 348 2402 in
373 2364 433 2421 qua
457 2346 559 2404 omnia
587 2347 697 2419 insunt,
726 2365 803 2423 quae
829 2358 937 2423 putant
962 2349 1100 2408 homines

153 2442 331 2515 expetenda,
359 2442 505 2501 honestas
532 2443 629 2519 gloria
657 2444 859 2518 tranquillitas
888 2446 980 2504 animi
1009 2456 1100 2522 atque

153 2537 331 2610 iucunditas
354 2548 387 2596 ut
408 2548 446 2611 et,
470 2558 539 2596 eum
563 2542 639 2600 haec
664 2541 773 2611 adsint,
798 2543 889 2601 beata
912 2544 973 2601 vita
996 2545 1043 2615 sit,
1070 2555 1101 2603 et

152 2633 217 2691 sine
238 2633 285 2692 his
308 2653 375 2692 esse
398 2655 458 2693 non
483 2636 587 2711 possit.
630 2635 722 2709 Quod
747 2657 815 2696 cum
841 2639 987 2714 optimum
1011 2641 1101 2699 maxi-

152 2723 292 2806 mumque
313 2730 360 2803 sit,
377 2731 401 2789 si
423 2731 452 2790 id
470 2732 608 2790 volumus
623 2733 758 2810 adipisci,
775 2735 876 2793 virtuti
891 2754 984 2811 opera
998 2738 1101 2796 danda

152 2836 206 2895 est,
222 2828 286 2885 sine
302 2848 363 2904 qua
372 2847 429 2887 nee
440 2828 601 2890 amicitiam
612 2848 710 2906 neque
721 2832 811 2891 ullam
823 2852 885 2891 rem
897 2835 1099 2910 expetendam

152 2924 296 3000 consequi
320 2944 498 3002 possumus:
533 2945 662 2986 cavero
688 2929 826 3006 neglecta
851 2930 902 3005 qui
927 2948 960 2988 se
986 2932 1099 2991 amicos

152 3011 263 3079 habere
291 3023 482 3096 arbitrantur,
508 3034 570 3082 tum
594 3044 627 3083 se
651 3025 782 3102 denique
811 3045 927 3087 errasse
956 3027 1098 3098 sentiunt,

152 3135 217 3173 cum
240 3135 293 3174 eos
314 3117 413 3194 gravis
436 3118 544 3194 aliquis
559 3138 647 3178 casus
662 3120 790 3194 experiri
805 3121 895 3198 cogit.
938 3121 1098 3194 Quocirca,
1114 3125 1132 3181 8

152 3213 313 3274 dicendum
341 3225 388 3274 est
420 3216 500 3273 enim
533 3215 663 3292 saepius,
692 3235 759 3274 cum
795 3217 944 3289 iudicaris,
975 3218 1099 3295 diligere

152 3320 271 3386 oportet
283 3334 291 3385 ;
319 3332 389 3384 non,
405 3332 473 3371 cum
489 3313 637 3386 dilexeris,
655 3313 794 3374 iudicare.
839 3316 899 3373 Sed
914 3334 982 3372 cum
997 3315 1099 3375 multis
1126 3301 1132 3309 ⁴

153 3407 183 3466 in
203 3410 292 3467 rebus
311 3408 503 3486 neglegentia
524 3410 689 3485 plectimur,
704 3420 768 3469 tum
791 3411 919 3471 maxime
940 3411 971 3468 in
993 3411 1099 3473 amicis
