2602 3864
595 107 602 166 i
628 141 703 178 lm
722 137 734 142 ..

158 263 198 316 II.
211 263 239 332 8]
263 301 266 310 .
492 263 547 316 DE
572 253 776 317 AMICITIA.
1084 271 1103 334 3

156 448 221 498 tota
244 437 409 515 disputatio
433 447 481 497 est
506 438 544 495 de
570 437 709 512 amicitia,
735 458 826 517 quam
851 439 957 518 legens
981 449 1011 501 te
1039 441 1105 520 ipse

154 554 330 613 cognosces.
1114 537 1148 618 js

195 635 238 690 II.
269 633 423 691 Fannrus
461 633 537 690 Sunt
553 631 619 703 ista,
636 631 740 706 Laeli,
767 634 918 692 necenim
940 636 1045 696 melior
1060 622 1137 697 vir‘6

153 730 211 788 fuit
237 730 379 790 Africano
407 729 567 805 quisquam
593 748 650 788 nec
675 729 791 788 clarior.
846 731 906 789 Sed
931 734 1104 793 existimare

153 826 248 886 debes
264 826 397 885 omnium
421 827 526 884 oculos
549 826 580 884 in
605 836 635 884 te
658 845 726 884 esse
749 827 905 887 coniectos
930 848 1043 905 unum,
1073 840 1103 890 te
1149 817 1172 852 ⁶*
1208 855 1211 867 ¹

1139 918 1140 921 ¹
1158 884 1207 927 “ss
1222 867 1283 939 wll

153 923 322 999 sapientem
337 934 368 981 et
382 923 537 1000 appellant
553 933 583 981 et
597 922 779 982 existimant.
822 924 1026 985 Tribuebatur
1045 930 1104 988 hoc
1136 924 1140 938 ‘

153 1021 245 1079 modo
261 1022 304 1079 M.
322 1019 441 1093 Cat'oni,
457 1020 569 1079 scimus
581 1021 616 1078 L.
630 1019 760 1078 Acilium
773 1021 854 1096 apud
868 1033 971 1098 patres
984 1035 1104 1085 nostros
1147 1035 1173 1115 j,
1189 1074 1229 1108 ,A
1239 1065 1260 1108 ,λ
1270 1074 1283 1109 ,¹

154 1116 337 1192 appellatum
360 1135 428 1175 esse
451 1116 628 1192 sapientem,
653 1116 709 1175 sed
732 1126 859 1194 uterque
885 1119 944 1177 alio
969 1122 1103 1196 quodam
1139 1118 1164 1125 ”

152 1214 252 1287 mod0,
265 1214 380 1272 Acilius
396 1213 467 1289 quia
482 1215 615 1289 prudens
631 1231 698 1272 esse
714 1213 744 1270 in
760 1214 823 1272 iure
835 1215 914 1273 civili
929 1218 1100 1292 putabatur,
1149 1210 1152 1222 ⁶

153 1309 231 1368 Cato
253 1311 324 1385 quia
345 1310 505 1369 multarum
527 1328 626 1368 rerum
641 1329 727 1369 usum
749 1310 900 1370 habebat:
929 1315 1024 1372 multa
1038 1318 1102 1375 eius

152 1415 182 1463 et
203 1406 234 1464 in
256 1418 363 1466 senatu
384 1418 415 1465 et
436 1407 466 1464 in
488 1407 555 1465 foro
574 1406 622 1464 vel
643 1406 764 1484 provisa
786 1407 950 1483 prudenter
964 1411 1012 1468 vel
1034 1421 1103 1471 acta

152 1512 327 1561 constanter
337 1504 384 1561 vel
400 1522 547 1578 responsa
559 1514 646 1562 acute
660 1503 844 1577 ferebantur,
856 1516 1018 1582 propterea
1032 1526 1103 1583 qua-

151 1599 178 1656 si
197 1619 365 1676 cognomen
391 1600 449 1658 iam
475 1599 610 1659 habebat
631 1600 662 1657 in
682 1612 838 1660 senectute
858 1602 1013 1678 sapientis.
1056 1606 1132 1682 Te7

152 1705 252 1753 autem
268 1696 327 1754 alio
342 1696 475 1772 quodam
491 1696 582 1754 modo
598 1716 659 1754 non
675 1696 773 1755 solum
791 1706 898 1756 natura
911 1708 943 1758 et
957 1700 1100 1773 moribus,

150 1810 254 1849 verum
265 1791 355 1850 etiam
368 1792 469 1850 studio
481 1802 511 1850 et
524 1793 663 1851 doctrina
678 1811 746 1852 esse
762 1793 939 1870 sapientem,
953 1815 1009 1855 nec
1023 1797 1102 1856 sicut

150 1890 266 1966 volgus,
279 1889 333 1948 sed
345 1899 377 1947 ut
388 1889 497 1947 eruditi
512 1889 612 1947 solent
623 1890 776 1966 appellare
788 1890 966 1966 sapientem,
979 1894 1100 1971 qualem

150 1985 180 2043 in
193 1986 322 2045 Graecia
333 1986 449 2062 reliqua
459 1985 660 2044 neminem-
669 2005 738 2044 nam
751 1986 803 2062 qui
818 1996 935 2063 septem
948 1990 1101 2065 appellan-

149 2092 205 2157 tur,
222 2100 275 2142 eos
290 2083 342 2160 qui
356 2083 415 2142 ista
421 2083 571 2172 Q
577 2092 727 2159 quaerunt
738 2082 768 2139 in
781 2101 906 2141 numero
918 2085 1098 2160 sapientium

149 2199 211 2239 non
226 2180 388 2239 habent-
400 2179 529 2239 Athenis
543 2198 636 2239 unum
652 2179 824 2256 accepimus
843 2188 874 2238 et
892 2199 960 2238 eum
976 2182 1099 2258 quidem

149 2278 300 2354 Apollinis
315 2279 438 2337 oraculo
453 2276 708 2353 sapientissimum
725 2272 905 2336 iudicatum:
936 2278 1015 2336 hanc
1029 2297 1097 2339 esse

148 2373 179 2431 in
199 2385 229 2432 te
251 2375 429 2450 sapientiam
451 2374 632 2447 existimant,
649 2382 682 2432 ut
702 2373 805 2432 omnia
824 2383 876 2432 tua
897 2373 928 2431 in
945 2384 975 2432 te
997 2375 1098 2450 posita
1120 2375 1145 2444 Τ

148 2492 216 2532 esse
237 2472 331 2532 ducas
353 2474 562 2548 humanosque
585 2489 674 2531 casus
688 2469 798 2528 virtute
821 2470 977 2530 inferiores
998 2482 1095 2546 putes.

148 2571 257 2646 Itaque
279 2588 317 2628 ex
338 2589 386 2628 me
410 2579 566 2645 quaerunt,
589 2567 680 2626 credo
705 2584 743 2624 ex
765 2566 824 2624 hoc
847 2565 919 2624 item
941 2567 1096 2638 Scaevola,

147 2686 279 2743 quonam
295 2677 384 2745 pacto
400 2676 525 2725 mortem
539 2665 674 2724 Africani
688 2665 777 2736 feras,
791 2682 889 2740 eoque
904 2663 999 2741 magis
1014 2665 1096 2742 quod

146 2764 290 2840 proximis
311 2765 417 2837 Nonis,
440 2782 508 2822 cum
529 2762 560 2820 in
582 2763 686 2821 hortos
708 2763 745 2820 D.
768 2760 852 2818 Bruti
874 2760 994 2837 auguris
1017 2781 1096 2820 com·

146 2863 302 2921 mentandi
322 2882 422 2935 causa,
439 2871 472 2920 ut
492 2862 612 2933 assolet,
627 2859 824 2930 venissemus,
841 2869 872 2917 tu
891 2877 951 2917 non
972 2857 1093 2932 affuisti,

146 2959 198 3033 qui
210 2960 436 3037 diligentissime
446 2977 566 3035 semper
577 2958 660 3016 illum
673 2957 753 3016 diem
768 2966 799 3015 et
814 2956 888 3014 illud
904 2975 1013 3014 munus
1027 2956 1096 3015 soli·

146 3064 194 3113 tus
209 3075 293 3116 esses
308 3057 400 3116 obire.

187 3152 359 3212 seimon.
402 3152 560 3226 Quaerunt
582 3151 712 3228 quidem,
729 3152 763 3210 C.
788 3149 880 3222 Laeli,
902 3150 1038 3224 multum,
1061 3153 1127 3210 ut8

145 3256 192 3306 est
213 3248 363 3308 aFannio
385 3248 506 3321 dictum,
523 3249 578 3307 sed
599 3266 656 3325 ego
677 3246 708 3305 id
729 3247 908 3322 respondeo,
925 3246 1009 3322 quod
1030 3246 1093 3303 ani-

145 3363 226 3402 mum
251 3344 375 3417 adverti,
392 3355 421 3403 te
445 3346 577 3403 dolorem
603 3361 692 3419 quem
716 3342 869 3419 acceperis
891 3361 960 3400 cum
983 3342 1093 3401 summi

145 3440 199 3498 viri
215 3450 276 3499 tum
293 3441 465 3499 amicissimi
480 3453 576 3499 morte
595 3441 672 3498 ferre
691 3439 862 3512 moderate,
882 3455 940 3496 nec
956 3437 1093 3515 potuisse
