2602 3864
148 256 246 334 xvir.
258 275 306 349 61]
494 278 550 332 ua
575 277 778 332 nurerum.
1054 283 1094 346 23

148 448 284 507 restricte
307 465 345 506 ne
370 447 438 524 pius
460 447 569 507 reddat
591 466 681 524 quam
705 449 874 526 acceperit:
901 449 1096 526 nequeenim

147 545 1092 624 wmmfflmwmfflwwmmfflmfflm

147 643 262 702 defluat
276 652 328 701 aut
343 660 381 700 ne
395 642 463 718 plus
478 661 577 719 aequo
592 642 664 720 quid
679 643 709 700 in
724 643 886 702 amicitiam
906 653 1095 720 congeratur.

147 742 269 817 Tertius
278 757 355 802 ‚vero
370 738 420 799 ille
437 739 506 798 finis
527 740 715 813 deterrimus,
730 750 771 818 ut,
787 741 892 819 quanti
913 742 1041 818 quisque
1062 760 1095 800 se
1111 759 1148 820 59

148 837 1097 917 mmwmmwwmmsmwmmw

146 936 276 996 busdam
290 946 343 994 aut
356 935 474 993 animus
489 933 636 995 abiectior
650 945 697 995 est
711 944 763 995 aut
777 954 847 1011 spes
863 935 1096 1012 amplificandae

146 1035 286 1092 fortunae
305 1031 438 1091 fractior.
480 1033 557 1097 Non
573 1040 620 1092 est
641 1032 731 1110 igitur
751 1032 840 1091 amici
861 1032 952 1091 talem
975 1050 1043 1092 esse
1065 1033 1094 1090 in

147 1149 224 1202 eum,
241 1129 339 1206 qualis
353 1129 403 1186 iiie
418 1129 449 1186 in
463 1147 496 1187 se
508 1140 562 1203 est,
578 1130 633 1189 sed
648 1130 839 1209 potiuserffli
861 1141 892 1189 et
913 1130 1040 1202 efficere,
1063 1139 1097 1189 ut

147 1224 236 1285 amici
251 1226 399 1284 iacentem
419 1223 552 1283 animum
574 1225 685 1285 excitet
706 1208 890 1306 inducatoue
911 1245 997 1302 spem
1018 1226 1097 1303 cogi·

146 1323 352 1398 tationemque
367 1321 530 1381 meliorem.
567 1322 654 1381 Alius
669 1322 758 1400 igitur
767 1322 835 1383 finis
846 1341 935 1381 verae
947 1321 1097 1381 amicitiae

147 1419 378 1479 constituendus
397 1427 452 1490 est,
468 1418 494 1476 si
515 1419 607 1496 prius,
631 1420 704 1496 quid
724 1420 854 1479 maxime
874 1420 1096 1496 reprehendere

148 1515 1094 1595 &mmmmwmmNQmfflmwmmm

145 1613 257 1672 ciorem
271 1615 422 1674 amicitiae
434 1613 569 1692 potuisse
582 1615 704 1691 reperiri
717 1633 807 1691 quam
818 1615 893 1687 eius,
906 1615 957 1690 qui
969 1614 1097 1674 dixisset

147 1710 1096 1801 bwmoewwfflmmmwmmmmmfflffinoe

145 1826 218 1867 vero
232 1827 265 1867 se
281 1809 391 1869 adduci
401 1827 500 1885 posse,
512 1818 546 1867 ut
560 1809 627 1882 boc,
640 1809 781 1886 quemad
796 1808 918 1868 modum
932 1800 1095 1886 putaretur,

147 1922 166 1964 a
181 1904 286 1964 Biante
301 1923 368 1964 esse
383 1905 497 1964 dictum
512 1904 658 1978 crederet,
675 1906 725 1981 qui
740 1906 865 1982 sapiens
880 1906 1000 1965 habitus
1015 1915 1097 1966 esset

146 2020 225 2060 unus
253 2020 270 2060 e
297 2011 435 2079 septem;
468 2001 576 2079 impuri
600 2002 757 2083 cuiusdam
786 2012 837 2061 aut
865 2002 1016 2062 ambitiosi
1044 2013 1097 2062 aut

146 2099 249 2158 omnia
269 2099 308 2158 ad
330 2118 414 2158 suam
436 2099 602 2176 potentiam
624 2098 794 2158 revocantis
815 2117 883 2159 esse
904 2100 1096 2159 sententiam.

147 2195 289 2268 Quonam
304 2197 384 2254 enim
404 2197 496 2256 modo
518 2196 678 2274 quisquam
700 2196 815 2255 amicus
837 2214 906 2256 csse
927 2196 1037 2273 poterit
1058 2197 1096 2269 ei,

146 2293 195 2352 cui
216 2312 249 2352 se
269 2294 389 2371 putabit
411 2292 565 2354 inimicum
586 2311 654 2352 esse
676 2296 788 2370 posse?
830 2293 1023 2366 Quinetiam
1047 2313 1096 2352 ne-

147 2406 234 2450 eesse
256 2391 313 2450 erit
334 2408 443 2467 cupere
466 2399 497 2450 et
518 2399 624 2467 optare
639 2400 672 2449 ut
687 2409 776 2466 quam
792 2389 970 2466 saepissime
989 2398 1097 2466 peccet

147 2486 1098 2569 ammmmmwffimmmmffimwffln

147 2583 298 2643 dendum:
328 2603 444 2643 rursum
460 2594 560 2643 autem
576 2593 657 2643 recte
675 2583 764 2642 iactis
778 2563 1006 2660 ffidisque
1027 2582 1098 2641 ami-

147 2699 251 2740 corum
276 2699 402 2741 necesse
420 2682 478 2741 erit
500 2681 568 2758 angi
589 2681 694 2739 dolere
712 2681 855 2739 invidere.
897 2680 966 2753 Qua
986 2698 1018 2739 re
1040 2680 1097 2739 hoc
1112 2681 1148 2739 60

148 2777 270 2854 quidem
301 2788 505 2856 praeceptum,
534 2777 750 2854 cuiuscumque
777 2787 833 2850 est,
862 2777 902 2835 ad
930 2777 1097 2838 tollendam

148 2874 309 2934 amicitiam
335 2876 435 2935 valet:
477 2874 551 2935 illud
574 2875 674 2952 potius
698 2873 945 2952 praecipiendum
971 2874 1035 2947 init,
1061 2882 1095 2933 ut

147 2989 215 3030 eam
230 2971 416 3050 diligentiam
432 2971 645 3031 adhiberemus
663 2971 693 3030 in
715 2970 852 3030 amicitiis
873 2971 1095 3047 comparandis,

147 3068 1097 3147 ummmmmmmmmmfflmmmmmmo

148 3165 251 3224 odisse
275 3186 443 3244 possemus.
486 3166 567 3240 Quin
591 3166 680 3225 etiam
705 3165 730 3226 si
748 3168 846 3225 minus
861 3165 963 3225 felices
982 3166 1012 3225 in
1034 3166 1098 3224 diii-

147 3265 249 3340 gendo
276 3264 448 3337 fuissemus,
485 3265 643 3323 terendum
678 3264 709 3323 id
745 3264 847 3340 Scipio
875 3264 975 3341 potius
1006 3282 1097 3341 quam

149 3360 369 3420 inimicitiarum
385 3371 504 3437 tempus
519 3362 714 3439 cogitandum
729 3362 865 3437 putabat.
1095 3353 1111 3373 ‘¹

190 3458 293 3519 XVII.
337 3458 397 3518 His
411 3458 510 3541 igitur·
521 3459 632 3518 finibus
654 3459 799 3517 utendum
821 3459 957 3533 arbitror,
973 3468 1014 3534 ut,
1029 3478 1096 3519 cum
1113 3461 1147 3519 61
