2602 3864
153 285 187 338 v.
203 283 246 354 18]
514 279 569 332 ou
594 278 796 332 amcrrrx.
1077 281 1096 346 7

152 473 240 532 spero
259 449 473 528 sempiternam
495 451 569 521 fore,
585 449 676 525 idque
691 467 728 508 eo
742 449 815 508 mihi
831 449 925 527 magis
940 460 987 510 est
1004 451 1097 523 cordi,

151 552 233 629 quod
254 569 291 610 ex
313 547 454 607 omnibus
476 547 605 605 saeculis
620 547 669 605 vix
692 547 749 605 tria
769 557 820 605 aut
843 557 985 623 quattuor
1006 549 1099 607 nomi·

151 658 261 706 nantur
280 645 366 724 paria
387 645 559 716 amicorum,
583 652 643 720 quo
666 645 695 701 in
718 662 829 721 genere
852 663 972 720 sperare
994 646 1100 705 videor

152 744 302 823 Scipionis
317 753 347 802 et
362 741 446 800 Laeli
462 741 622 800 amicitiam
639 752 741 800 notam
757 741 927 818 posteritati
941 742 1015 801 fore.

191 843 344 901 Famulus,
388 841 471 898 Istuc
486 837 617 913 quidem,
633 838 726 910 Laeli,
740 839 782 896 ita
797 856 922 896 necesse
937 848 992 898 est.
1038 840 1097 899 Sed
1117 839 1152 899 16

151 939 293 1015 quoniam
316 936 465 995 amicitiae
490 933 674 993 mentionem
698 934 797 993 fecisti
821 945 851 993 et
874 953 977 994 sumus
1000 936 1099 1010 otiosi,

150 1045 322 1114 pergratum
350 1033 423 1092 mihi
450 1031 708 1108 feceris-spero
737 1032 808 1090 item
839 1033 1098 1107 Scaevolae—si,

151 1132 290 1207 quemad
306 1131 428 1189 modum
445 1130 525 1188 soles
540 1129 579 1187 de
594 1128 703 1187 ceteris
717 1129 816 1200 rebus,
829 1147 897 1186 cum
912 1149 949 1187 ex
964 1140 994 1188 te
1010 1149 1100 1206 quae·

150 1238 263 1300 runtur‚
279 1227 322 1287 sic
341 1227 380 1286 de
403 1226 534 1284 amicitia
555 1224 719 1302 disputaris
742 1225 815 1300 quid
838 1226 961 1298 sentias,
979 1227 1099 1301 qualem

150 1324 311 1396 existimes,
332 1341 409 1399 quae
429 1333 592 1399 praecepta
612 1320 676 1379 des
721 1321 893 1381 Scaevoia.
931 1323 1008 1380 Mihi
1028 1342 1100 1382 vero

151 1421 207 1480 erit
220 1432 346 1499 gratum,
362 1429 453 1495 atque
474 1419 505 1479 id
527 1420 625 1497 ipsum
647 1436 714 1476 cum
734 1428 833 1476 tecum
853 1438 942 1495 agere
963 1439 1099 1492 conarer,

152 1518 285 1576 Fannius
314 1516 491 1575 antevertit:
527 1535 617 1591 quam
646 1515 686 1573 ob
715 1533 777 1572 rem
812 1516 931 1591 utrique
965 1528 1101 1576 nostrum

150 1624 268 1692 gratum
283 1613 445 1671 admodum
461 1612 579 1670 feceris.

190 1711 227 1767 V.
258 1710 407 1767 Lutatius·
449 1710 514 1785 Ego
536 1727 608 1767 vero
629 1727 690 1766 non
715 1726 865 1785 gravarer,
888 1709 913 1767 si
938 1708 1011 1767 mihi
1036 1709 1100 1785 ipse
1119 1726 1151 1786 17

152 1806 344 1875 confiderem,
359 1822 428 1861 nam
451 1815 481 1862 et
502 1805 658 1880 praeclara
677 1822 725 1862 res
745 1814 791 1862 est
806 1813 837 1862 et
851 1824 963 1877 sumuS,
978 1814 1011 1863 ut
1025 1805 1101 1864 dixit
1176 1868 1179 1873 ,

153 1901 295 1973 FanniuS,
311 1900 409 1958 otiosi.
454 1902 514 1959 Sed
536 1901 603 1976 quis
625 1920 682 1977 ego
704 1919 769 1958 sum
786 1911 838 1958 aut
853 1919 930 1975 quae
946 1911 992 1959 est
1006 1900 1037 1958 in
1052 1920 1100 1959 me

150 1998 301 2056 facultas?
344 1998 510 2055 Doctorum
532 2007 579 2055 est
601 1997 657 2054 ista
679 1996 869 2054 consuetudo
891 2014 988 2072 eaque
1010 1997 1101 2055 Grae·
1127 2004 1250 2057 Soram·

151 2115 264 2169 corum,
280 2105 313 2154 ut
327 2095 371 2154 eis
386 2105 516 2173 ponatur
535 2096 572 2154 de
588 2113 648 2170 quo
663 2095 819 2171 disputent
834 2094 971 2170 quamvis
991 2094 1100 2154 subito,

153 2194 299 2270 Magnum
325 2211 403 2268 opus
427 2202 475 2250 est
502 2202 631 2268 egetque
660 2191 876 2250 exercitatione
905 2210 966 2250 non
995 2210 1096 2268 parva.

141 2289 252 2443 ⁴Euam
267 2288 307 2347 ob
322 2308 383 2347 rem
400 2307 477 2364 quae
492 2289 640 2365 disputari
655 2290 693 2346 de
708 2288 839 2347 amicitia
854 2299 990 2366 possunt,
1004 2288 1042 2348 ab
1057 2288 1101 2348 eis

171 2403 265 2445 enseo
293 2386 413 2460 petatis,
436 2385 486 2461 qui
511 2385 570 2443 ista
597 2385 793 2462 profitentur:
825 2404 883 2463 ego
904 2405 959 2445 vos
987 2385 1100 2445 hortari

152 2490 270 2539 tanturn
291 2501 425 2557 possum,
440 2491 474 2540 ut
495 2480 657 2539 amicitiam
682 2482 822 2541 omnibus
847 2483 938 2540 rebus
960 2482 1100 2541 humanis

155 2578 346 2652 anteponatis
358 2599 367 2651 ;
400 2577 473 2635 nihil
495 2586 542 2635 est
563 2577 642 2635 enim
669 2587 729 2636 tam
756 2588 881 2636 naturae
903 2588 1015 2654 aptum,
1038 2589 1099 2637 tam

153 2670 336 2730 conveniens
352 2671 390 2729 ad
405 2689 453 2728 res
467 2670 515 2728 vei
530 2670 682 2730 secundas
697 2671 745 2730 vel
767 2672 921 2731 adversas.
965 2673 1101 2732 Sed'hoc
1118 2674 1153 2731 18
1164 2652 1199 2735 V

152 2767 280 2843 primum
295 2766 402 2838 sentio,
420 2766 478 2825 nisi
492 2767 522 2824 in
538 2767 626 2827 bonis
643 2767 802 2827 amicitiam
819 2786 885 2827 esse
908 2788 968 2826 non
991 2787 1099 2846 posse:

154 2881 251 2939 neque
263 2863 293 2922 id
306 2863 345 2922 ad
355 2863 453 2923 vivum
465 2875 623 2947 &Qut
638 2864 689 2936 itti,
701 2864 751 2940 qui
766 2866 842 2923 haec
853 2865 992 2923 subtilius
1008 2866 1101 2924 disse-

152 2968 229 3032 runt,
242 2961 371 3019 fortasse
384 2944 529 3034 veressed
543 2962 582 3019 ad
596 2979 786 3020 communem
801 2962 960 3021 utilitatem
976 2981 1080 3039 parum
1093 2983 1102 3035 ;

153 3066 266 3133 negant
280 3056 359 3115 enim
375 3076 556 3135 quemquam
578 3076 646 3116 esse
660 3058 755 3116 virum
771 3059 882 3117 bonum
906 3058 963 3117 nisi
984 3059 1100 3135 sapien·

153 3161 224 3211 tem.
267 3150 313 3212 Sit
326 3153 369 3213 ita
382 3173 473 3214 sane:
496 3155 551 3213 sed
572 3173 638 3212 eam
661 3155 839 3231 sapientiam
856 3155 1098 3231 interpretantur,

154 3266 244 3323 quam
259 3249 359 3308 adhuc
377 3250 512 3309 mortalis
527 3269 615 3309 nemo
631 3260 678 3309 est
692 3260 895 3325 consecutus;
924 3270 980 3310 nos
999 3262 1100 3310 autem

154 3362 199 3414 ea,
221 3364 299 3419 quae
322 3355 393 3404 sunt
414 3345 445 3404 in
468 3366 524 3405 usu
546 3346 667 3422 vitaque
691 3347 852 3420 communi,
868 3367 928 3406 non
952 3365 997 3420 ea,
1021 3366 1100 3424 quae

154 3439 307 3518 finguntur
328 3453 380 3500 aut
400 3451 550 3519 optantur,
569 3453 706 3520 spectare
727 3443 884 3504 debemus.
926 3445 1100 3521 Numquam

1177 1678 1185 1709 1
