2602 3864
150 257 276 310 XXVII.
294 256 355 327 101]
482 254 536 306 DE
563 253 764 307 AMICITIA.
1033 248 1074 314 37

148 425 228 484 enim
240 422 383 482 facillime
398 421 579 500 agnoscitur,
590 420 703 498 quippe
717 419 769 496 qui
783 418 873 478 etiam
886 416 1077 476 adversando

148 540 239 597 saepe
269 528 439 578 assentetur
463 527 494 576 et
522 518 639 594 litigare
669 535 702 576 se
731 515 876 574 simulans
903 514 1077 573 blandiatur

148 629 238 694 atque
259 618 299 676 ad
318 625 484 674 extremum
500 615 551 673 det
566 633 673 673 manus
687 613 827 688 vincique
841 630 874 670 se
888 611 1028 687 patiatur,
1044 619 1077 668 ut

148 715 181 786 is,
198 715 248 791 qui
271 715 376 773 illusus
398 712 445 784 sit,
461 712 529 787 plus
546 711 659 770 vidisse
680 711 827 770 videatur.
869 708 952 783 Quid
974 717 1074 765 autem

147 811 261 887 turpius
275 829 366 887 quam
381 809 484 869 illudi?
519 808 611 882 Quod
626 817 658 866 ut
674 825 711 866 ne
727 806 845 866 accidat
860 804 955 883 magis
970 821 1077 864 caven·

147 908 217 964 dum
233 917 297 966 est:
625 912 633 929 ·

267 1046 301 1097 ul
313 1058 356 1097 me
368 1039 451 1096 lmdz‘e
463 1044 529 1095 ante
542 1037 634 1095 omnis
647 1037 763 1095 comatos
776 1037 879 1093 stultos
892 1052 969 1091 senes

266 1138 394 1195 versarii
406 1143 492 1212 atque
505 1135 647 1194 illusseris
661 1133 845 1191 lautissime!

148 1289 236 1346 Haec
256 1288 336 1346 enim
358 1287 448 1346 etiam
470 1287 502 1345 in
522 1286 634 1346 fabulis
662 1283 841 1344 stultissima
868 1301 1000 1359 persona
1028 1290 1075 1340 est
1093 1301 1148 1339 100

147 1384 380 1460 improvidorum
401 1394 431 1442 et
452 1384 641 1442 credulorum
664 1400 779 1440 senum.
821 1379 879 1439 Sed
896 1378 1075 1453 nescioquo

146 1489 236 1555 pacto
251 1480 290 1537 ab
305 1479 444 1538 amicitiis
459 1479 660 1554 perlectorum
676 1476 841 1547 hominum,
852 1472 882 1531 id
898 1482 944 1532 est
959 1472 1076 1548 sapien·

147 1574 316 1634 tium-de
339 1577 396 1633 hac
419 1575 487 1633 dico
511 1574 668 1651 sapientia,
685 1593 762 1650 quae
784 1571 903 1631 videtur
927 1570 958 1627 in
983 1569 1076 1627 homi-

147 1690 215 1729 nem
237 1672 346 1730 cadere
367 1690 457 1747 posse
468 1671 559 1729 -ad
576 1670 650 1729 levis
666 1669 812 1728 amicitias
827 1666 953 1726 defluxit
967 1666 1075 1725 oratio.

147 1769 246 1840 Quam
262 1768 301 1826 ob
316 1787 379 1826 rem
395 1768 433 1826 ad
449 1768 500 1826 illa
515 1768 612 1844 prima
633 1767 791 1826 redeamus
812 1783 910 1842 eaque
925 1764 992 1840 ipsa
1006 1783 1076 1824 con·

146 1866 304 1924 cludamus
319 1865 493 1941 aliquando.

186 1961 320 2042 XXVII.
363 1961 476 2032 Virtus,
493 1961 623 2036 inquam,
641 1963 675 2021 C.
693 1962 799 2036 Fanni,
815 1972 846 2023 et
867 1972 909 2036 tu,
926 1964 964 2037 Q.
981 1963 1073 2034 Muci,

146 2067 176 2116 et
197 2056 338 2115 conciliat
362 2057 509 2115 amicitias
534 2067 564 2115 et
588 2069 757 2118 conservat.
801 2061 837 2118 In
863 2078 900 2118 ea
921 2070 969 2119 est
993 2060 1073 2119 enim

145 2155 358 2214 convenientia
378 2173 485 2226 rerum,
501 2154 531 2212 in
553 2173 589 2213 ea
611 2155 769 2227 stabilitas,
786 2156 815 2215 in
832 2176 868 2215 ea
883 2157 1073 2216 constantia:

146 2271 223 2327 quac
244 2271 312 2311 cum
331 2271 364 2311 se
386 2252 492 2310 extulit
511 2262 542 2310 et
562 2252 696 2310 ostendit
715 2272 802 2312 suum
823 2254 923 2312 lumen
944 2264 974 2312 et
993 2254 1073 2313 idem

146 2348 262 2423 aspexit
277 2349 458 2424 agnovitque
471 2349 500 2405 in
513 2349 581 2420 ali0,
593 2350 631 2409 ad
644 2349 674 2408 id
686 2369 718 2409 se
731 2351 871 2409 admovet
880 2350 1074 2425 vicissimque

146 2444 254 2521 accipit
269 2444 351 2516 illud,
368 2444 449 2519 quod
465 2444 496 2502 in
511 2445 607 2504 altero
622 2457 676 2518 est,
693 2467 730 2505 ex
745 2466 806 2522 quo
822 2446 991 2505 exardescit
1010 2446 1073 2503 sive

146 2561 231 2599 amor
251 2541 314 2600 sive
337 2541 477 2600 amicitia.
520 2543 692 2619 Utrumque
715 2544 794 2602 enim
816 2543 938 2601 ductum
962 2552 1008 2601 est
1033 2543 1072 2600 ab

146 2638 277 2697 amando
290 2660 299 2712 3
327 2657 427 2696 amare
449 2649 549 2698 autem
572 2640 644 2697 nihil
661 2650 707 2699 est
722 2640 804 2698 aliud
819 2639 876 2698 nisi
891 2659 959 2697 eum
975 2639 1072 2715 ipsum

146 2733 269 2810 diligere
293 2751 383 2808 quem
409 2752 501 2804 ames,
528 2734 609 2792 nulla
634 2734 810 2812 indigentia,
834 2734 917 2791 nulla
944 2734 1073 2793 utilitate

146 2829 300 2903 quaesita:
322 2848 399 2905 quae
410 2840 511 2889 tamen
524 2831 590 2906 ipsa
601 2831 770 2890 ecflorescit
782 2850 818 2889 ex
830 2831 969 2900 amicitia,
980 2831 1070 2889 etiam

146 2925 171 2981 si
192 2934 224 2982 tu
246 2943 313 2983 eam
334 2926 433 2985 minus
450 2938 572 2986 secutus
595 2928 646 2986 sis.
691 2930 761 2986 Hac
783 2946 839 2985 nos
862 2928 1072 2986 adulescentes
1090 2948 1142 2987 101

145 3020 357 3080 benevolentia
379 3042 468 3081 senes
490 3023 566 3095 illos,
584 3025 617 3083 L.
641 3024 777 3096 Paulum,
801 3026 844 3083 M.
861 3025 1018 3096 Catonem,
1036 3026 1071 3083 C.

147 3118 276 3192 Gallum,
289 3121 321 3178 P.
332 3121 536 3190 Nasicam,Ti.
545 3121 714 3178 Gracchum
728 3121 876 3197 Scipionis
887 3122 981 3180 nostri
991 3140 1073 3181 soce-

146 3233 212 3272 rum
223 3216 400 3276 dileximus:
425 3217 500 3275 haec
511 3217 601 3274 etiam
618 3217 712 3294 magis
729 3218 827 3276 elucet
839 3218 916 3277 inter
927 3218 1071 3293 aequalis,

145 3322 179 3369 ut
194 3312 271 3371 inter
286 3332 333 3372 me
348 3324 378 3372 et
395 3314 577 3390 Scipionem,
594 3316 627 3373 L.
640 3315 770 3385 Furium,
788 3317 819 3374 P.
837 3315 1001 3391 Rupilium,
1019 3316 1070 3390 Sp.

146 3410 347 3471 Mummium:
381 3410 512 3470 vicissim
537 3422 637 3469 autem
662 3428 752 3470 senes
777 3410 807 3468 in
833 3411 1071 3470 adulescentium
