2602 3864
209 193 250 240 10
499 258 501 262 Α
559 197 732 251 LAELIUS
1017 197 1100 266 [Vll.
1117 213 1150 266 23

201 361 433 422 commoditates
448 364 579 424 amicitia
593 365 755 440 contineat,
769 375 832 425 tum
847 365 899 426 illa
913 365 1052 425 nimirum
1066 387 1150 444 prae·

201 469 261 518 stat
276 458 425 532 omnibus,
442 461 524 536 quod
539 462 650 522 bonam
666 481 750 539 spem
771 463 925 539 praelucet
939 463 970 521 in
985 474 1148 541 posterum,

200 574 257 616 nec
272 555 422 615 debilitari
437 558 555 617 animos
568 568 620 616 aut
634 560 742 618 cadere
762 559 884 636 patitur.
925 560 1037 618 Verum
1058 560 1147 618 etiam

200 655 329 715 amicum
345 654 396 730 qui
419 653 561 728 intuetur,
575 665 728 733 tamquam
751 656 904 732 exemplar
918 657 1041 733 aliquod
1056 656 1150 716 intue-

199 761 249 810 tur
262 752 318 811 sui.
360 750 512 825 Quocirca
532 761 562 810 et
582 752 725 811 absentes
744 753 855 811 adsunt
869 762 900 811 et
914 763 1039 829 egentes
1058 754 1149 812 abun-

199 849 274 908 dant
297 859 328 908 et
349 847 491 908 imbecilli
514 848 617 908 valent
640 858 679 920 et,
703 848 785 924 quod
810 849 961 907 difficilius
985 849 1068 907 dictu
1092 861 1147 924 est,

198 945 308 1004 mortui
330 946 434 1004 vivunt
444 967 453 1020 3
481 954 585 1004 tantus
604 963 659 1003 eos
677 945 777 1004 honos
795 945 941 1004 memoria
964 945 1148 1005 desiderium

198 1041 390 1118 prosequitur
404 1042 577 1114 amicorum,
593 1059 631 1100 ex
646 1060 707 1117 quo
722 1041 840 1100 illorum
861 1043 952 1101 beata
973 1061 1055 1101 mors
1068 1042 1148 1101 vide·

198 1147 255 1212 tur,
271 1139 377 1198 horum
392 1139 455 1199 vita
467 1137 639 1198 laudabilis.
681 1139 773 1247 qup
789 1139 813 1199 si
828 1139 974 1198 exemeris
991 1157 1029 1198 ex
1047 1158 1146 1198 rerum

198 1245 306 1295 natura
332 1236 563 1296 benevolentiae
591 1235 846 1309 coniunctionem,
871 1255 928 1295 nec
952 1237 1061 1296 domus
1085 1238 1148 1297 ulla

198 1351 255 1392 nec
266 1334 338 1393 urbs
350 1343 430 1392 stare
441 1333 560 1410 poterit,
573 1351 611 1392 ne
623 1333 687 1408 agri
699 1333 820 1409 quidem
835 1334 933 1392 cultus
948 1335 1146 1410 permanebit.

198 1430 235 1489 Id
253 1431 280 1489 si
298 1430 397 1489 minus
416 1429 608 1507 intellegitur,
629 1439 745 1506 quanta
759 1429 804 1489 vis
824 1430 973 1489 amicitiae
992 1433 1147 1491 concordi-

197 1545 294 1604 aeque
319 1527 368 1600 sit,
393 1545 431 1586 ex
457 1525 699 1586 dissensionibus
727 1535 819 1602 atque
836 1526 1007 1586 vdiscordiis
1032 1529 1146 1604 percipi

197 1633 308 1700 potest.
350 1623 437 1698 Quae
452 1623 531 1682 enim
548 1623 657 1683 domus
672 1632 733 1690 tam
748 1623 875 1696 stabilis,
891 1642 969 1700 quae
983 1633 1044 1682 tarn
1059 1626 1146 1685 firma

197 1720 303 1779 civitas
323 1729 378 1792 est,
394 1739 473 1796 quae
496 1740 557 1779 non
580 1721 660 1780 odiis
682 1730 713 1779 et
735 1719 870 1778 discidiis
889 1721 1026 1780 funditus
1049 1723 1146 1798 possit

196 1817 312 1876 everti?
354 1817 400 1874 Ex
417 1835 487 1894 qu0,
503 1827 647 1893 quantum
665 1816 737 1877 boni
757 1815 795 1875 sit
814 1816 845 1874 in
865 1803 1145 1890 amicili’a'iudicari

144 1932 183 1988 24
196 1923 306 1992 potest.
350 1914 577 1992 Agrigentinum
594 1914 715 1991 quidem
727 1915 858 1995 vdoctum
881 1914 1033 1990 quendam
1048 1913 1145 1974 virum

195 2011 380 2071 carminibus
402 2012 529 2071 Graecis
549 2012 745 2071 vaticinatum
765 2013 877 2084 ferunt,
895 2029 972 2087 quae
994 2010 1023 2069 in
1046 2029 1144 2072 rerum

195 2118 304 2167 natura
317 2117 444 2185 totoque
459 2109 573 2167 mundo
590 2117 765 2168 constarent
786 2124 924 2184 quaeque
944 2119 1145 2179 moverentur,

195 2224 232 2264 ea
249 2207 429 2265 contrahere
448 2205 618 2278 amicitiam,
638 2205 785 2281 dissipare
805 2203 999 2264 discordiam.
1041 2207 1143 2282 Atque

194 2303 254 2361 hoc
265 2302 387 2380 quidem
399 2320 505 2362 omnes
517 2303 661 2362 mortales
672 2312 702 2361 et
717 2301 896 2379 intellegunt
910 2311 940 2360 et
955 2321 987 2360 re
1001 2304 1142 2380 probant.

195 2400 313 2475 Itaque,
329 2399 354 2458 si
369 2398 494 2476 quando
508 2399 631 2475 aliquod
647 2398 776 2458 officium
791 2399 905 2459 exstitit
919 2400 1007 2459 amici
1022 2400 1052 2459 in
1068 2402 1144 2478 peri·

194 2496 270 2555 culis
284 2506 336 2556 aut
355 2495 504 2556 adeundis
526 2505 578 2554 aut
598 2496 865 2570 communicandis,
882 2496 949 2573 quis
970 2508 1017 2558 est
1038 2499 1089 2575 qui
1111 2499 1143 2559 id

194 2611 256 2651 non
271 2593 409 2653 maximis
420 2592 527 2652 efferat
538 2592 700 2652 laudibus?
741 2593 802 2667 Qui
814 2593 963 2653 clamores
973 2604 1038 2654 tota
1049 2615 1143 2655 cavea

193 2706 290 2765 nuper
304 2689 335 2746 in
350 2689 479 2766 hospitis
493 2699 524 2749 et
542 2689 630 2748 amici
652 2690 711 2749 mei
734 2692 779 2750 M.
795 2691 906 2750 Pacuvi
927 2710 1007 2750 nova
1027 2692 1139 2766 fabula,

193 2802 260 2843 cum
276 2784 434 2862 ignorante
448 2803 518 2862 rege
533 2794 600 2844 uter
614 2785 741 2845 Orestes
755 2796 843 2858 esset,
858 2787 988 2864 Pylades
999 2788 1140 2849 Orestem

192 2900 226 2941 se
241 2899 309 2941 esse
323 2881 445 2956 diceret,
461 2892 494 2942 ut
508 2902 564 2960 pro
579 2883 632 2941 illo
647 2893 812 2957 necaretur,
860 2893 956 2943 restes
975 2895 1083 2957 autem,
1099 2886 1141 2946 ita

191 2988 226 3038 ut
240 2988 313 3052 erat,
329 2979 468 3039 Orestem
484 2998 517 3039 se
532 2997 599 3039 esse
613 2883 1003 3136 perseveraretffiStantes
1018 2981 1141 3058 plaude·

191 3076 267 3136 bant
277 3075 308 3135 in
322 3095 354 3136 re
365 3077 454 3137 ficta:
476 3077 549 3154 quid
561 3077 739 3136 arbitramur
752 3076 783 3135 in
814 3095 865 3136 era
878 3078 1013 3137 tacturos
1025 3078 1141 3140 tuisse?

193 3173 296 3234 Facile
319 3174 473 3233 indicabat
495 3174 562 3250 ipsa
586 3184 694 3233 natura
708 3173 767 3233 vim
790 3193 885 3247 suam,
901 3193 969 3234 cum
992 3175 1139 3249 homines,

192 3272 275 3348 quod
298 3273 399 3332 tacere
420 3271 479 3349 ipsi
501 3291 563 3332 non
584 3281 720 3350 possent,
742 3271 774 3331 id
796 3282 877 3333 recte
899 3271 964 3336 fieri
987 3272 1019 3332 in
1043 3272 1139 3334 altero

193 3367 369 3428 iudicarent.
