2602 3864
145 265 206 320 xv.
223 265 269 336 55]
504 261 559 315 nn
585 260 788 316 Amorem.
1049 265 1086 312 21

145 444 249 494 nostra
271 451 328 493 nec
350 431 433 492 domi
460 449 517 490 nec
545 430 668 489 militiae
698 430 800 508 Scipio
827 430 978 508 eguisset?
1020 433 1092 489 Non

144 531 233 609 igitur
251 531 410 590 utilitatem
433 527 573 601 amicitia,
594 528 648 586 sed
670 527 784 587 utilitas
805 527 965 587 amicitiam
988 537 1093 588 secuta

143 638 200 689 est.

183 727 253 784 XV.
295 725 365 784 Non
394 741 467 801 ergo
494 731 583 782 erunt
610 721 749 780 homines
777 721 894 780 deliciis
922 722 1093 783 diffluentes
1108 742 1144 803 5²

144 820 296 896 audiendi,
321 820 347 880 si
375 821 498 897 quando
526 819 565 878 de
593 818 734 890 amicitia,
757 836 849 894 quam
874 836 930 878 nec
954 838 1011 879 usu
1037 839 1093 880 nec

143 918 261 978 ratione
277 918 392 976 habent
412 915 574 994 cognitam,
594 914 803 989 disputabunt.
846 916 926 973 Nam
947 916 1014 992 quis
1036 927 1091 990 est,

143 1034 199 1092 pro
220 1015 345 1073 deorum
366 1013 458 1071 fidem
478 1021 569 1088 atque
583 1010 756 1070 hominuml
778 1010 830 1086 qui
843 1011 924 1082 velit,
938 1022 972 1072 ut
994 1032 1093 1090 neque

143 1111 249 1188 diligat
263 1128 445 1186 quemquam
461 1127 518 1167 nec
530 1108 594 1184 ipse
603 1106 642 1166 ab
653 1107 716 1165 ullo
728 1106 877 1184 diligatur,
888 1108 1093 1184 circumfluere

144 1208 284 1267 omnibus
312 1206 407 1282 copiis
436 1217 527 1282 atque
556 1206 586 1263 in
615 1204 750 1263 omnium
781 1224 879 1265 rerum
907 1208 1094 1268 abundantia

143 1305 265 1364 vivere?
308 1305 397 1363 Haec
416 1303 496 1362 enim
519 1312 566 1362 est
588 1311 782 1380 tyrannorum
806 1303 876 1386 vita,
900 1305 1039 1364 nimirum
1062 1306 1092 1364 in

144 1420 205 1478 qua
220 1400 303 1460 nulla
323 1401 408 1474 fides,
425 1400 508 1458 nulla
529 1398 647 1470 caritas
670 1399 754 1457 nulla
774 1400 892 1460 stabilis
914 1402 1095 1470 benevolen-

144 1499 205 1558 tiae
225 1506 327 1574 potest
347 1516 415 1556 esse
435 1495 555 1568 fiducia,
577 1495 680 1564 omnia
701 1514 820 1573 semper
841 1508 982 1574 suspecta
1003 1508 1093 1574 atque

145 1595 283 1667 sollicita,
309 1594 415 1679 nullus·
433 1594 526 1652 locus.
543 1581 713 1652 amicitiae.'
745 1593 830 1667 Quis
848 1595 928 1653 enim
953 1606 1004 1654 aut
1026 1614 1093 1654 eum
1109 1613 1146 1674 53

145 1693 259 1771 diligat,
275 1710 364 1768 quem
387 1701 509 1763 metuat,
526 1700 578 1749 aut
599 1709 677 1762 eum,
699 1709 718 1749 a
738 1709 797 1766 quo
820 1710 853 1750 se
874 1692 967 1751 metui
987 1697 1094 1769 putet?

147 1791 297 1864 Coluntur
308 1799 409 1849 tamen
420 1788 613 1849 simulatione
623 1790 780 1849 dumtaxat
790 1790 827 1848 ad
838 1799 966 1865 tempus.
1003 1790 1095 1864 Quod

146 1889 171 1949 si
194 1890 281 1960 forte,
304 1899 338 1948 ut
356 1888 391 1946 fit
413 1888 599 1964 plerumque,
626 1886 798 1958 ceciderint,
825 1897 886 1949 tum
912 1887 1096 1963 intellegitur

148 2006 238 2064 quam
266 1984 377 2044 fuerint
405 1985 511 2060 inopes
540 1983 713 2044 amicorum.
770 1983 862 2057 Quod
897 1984 1095 2061 Tarquinium

146 2085 259 2143 dixisse
293 2085 401 2155 ferunt,
430 2092 493 2140 tum
522 2081 710 2140 exsulantem
738 2099 771 2140 se
796 2080 990 2152 intellexisse,
1019 2100 1096 2156 quos

146 2182 225 2241 fidos
247 2181 360 2240 amicos
380 2180 547 2250 habuisset,
571 2198 646 2255 quos
669 2179 788 2250 infidos,
810 2196 879 2237 cum
901 2177 960 2235 iam
983 2177 1096 2236 neutris

147 2278 275 2355 gratiam
289 2278 401 2336 referre
416 2287 529 2353 posset.
565 2276 757 2352 Quamquam
775 2275 873 2347 miror,
890 2274 941 2333 illa
956 2274 1097 2351 superbia
1112 2290 1150 2351 54

148 2385 179 2435 et
200 2373 426 2451 importunitate
449 2373 474 2432 si
498 2391 680 2449 quemquam
705 2373 834 2432 amicum
856 2371 968 2430 habere
991 2371 1097 2446 potuit.

150 2473 251 2548 Atque
266 2480 299 2529 ut
313 2469 410 2541 huius,
427 2487 517 2545 quem
539 2469 609 2540 dixi,
626 2488 725 2529 mores
746 2487 835 2528 veros
856 2467 969 2526 amicos
991 2486 1098 2543 parare

150 2587 211 2627 non
236 2550 407 2643 potuerunt,
434 2565 477 2623 sic
500 2565 660 2638 multorum
686 2584 761 2642 opes
786 2563 1027 2642 praepotentium
1052 2583 1100 2623 ex·

150 2661 276 2720 cludunt
290 2658 437 2729 amicitias
451 2654 559 2716 fidelis.
601 2660 672 2732 Non
688 2659 768 2717 enim
784 2659 882 2717 solum
899 2656 964 2734 ipsa
978 2656 1101 2717 fortuna

150 2775 243 2818 caeca
257 2765 312 2829 est,
328 2755 383 2814 sed
397 2772 451 2814 eos
467 2755 556 2812 etiam
572 2755 749 2830 plerumque
771 2754 863 2813 efficit
885 2771 1001 2827 caecos,
1023 2773 1101 2831 quos

151 2853 310 2930 complexa
331 2862 387 2911 est.
430 2853 537 2927 Itaque
559 2851 725 2910 efferuntur
739 2852 802 2921 fere
816 2851 941 2909 fastidio
956 2861 985 2908 et
999 2861 1102 2910 contu·

152 2950 258 3022 macia,
274 2948 506 3025 necquicquam
528 2947 689 3023 insipiente
705 2948 861 3007 fortunato
883 2947 1102 3007 intolerabilius

151 3047 216 3106 fieri
235 3054 347 3123 potest.
388 3047 490 3121 Atque
513 3045 571 3103 hoc
594 3045 715 3121 quidem
739 3044 841 3104 videre
866 3045 944 3116 licet,
966 3063 1028 3117 eos,
1052 3044 1103 3120 qui

154 3153 245 3202 antea
271 3141 439 3201 commodis
472 3141 583 3200 fuerint
617 3141 760 3213 moribus,
790 3140 916 3216 imperio
951 3151 1104 3218 potestate

153 3240 306 3316 prosperis
325 3238 416 3297 rebus
437 3238 595 3308 immutari,
618 3237 721 3312 sperni
742 3237 781 3294 ab
802 3237 846 3295 eis
866 3247 985 3297 veteres
1008 3238 1106 3297 amici-

155 3336 222 3407 tias,
238 3333 386 3412 indulgeri
407 3334 501 3392 novis.
545 3325 627 3406 Quid
650 3342 750 3391 autem
773 3332 893 3391 stultius
915 3352 1014 3410 quam,
1037 3354 1104 3393 curn
1121 3351 1157 3414 55

154 3432 316 3511 plurimum
351 3430 447 3508 copiis
479 3429 676 3489 facultatibus
708 3429 817 3506 opibus
851 3429 977 3506 possint,
1006 3441 1107 3490 cetera
