2602 3864
208 214 250 276 34
591 214 762 269 inanius
979 218 1103 285 [xxiv.
1119 220 1153 288 89

203 381 352 458 obsequio
381 393 490 454 autem,
515 384 658 459 quoniam
686 385 871 445 Terentiano
896 388 988 447 verbo
1011 388 1169 469 iub-emti·-

203 482 323 551 utimur,
339 479 465 538 comitas
481 481 568 551 adsit,
582 482 747 541 assentatio
759 482 897 541 vitiorum
908 484 1038 543 adiutrix
1047 487 1153 560 procul

204 588 386 648 amoveatur,
400 595 478 654 quae
494 596 555 636 non
570 580 662 637 modo
676 580 782 649 amico,
794 582 849 639 sed
864 599 902 640 ne
917 578 1013 640 libero
1029 581 1152 658 quidem

203 678 295 754 digna
310 686 375 750 est;
404 674 491 733 aliter
505 674 584 733 enim
607 694 675 734 cum
696 686 833 754 tyranno,
856 677 943 737 aliter
963 697 1032 737 cum
1054 678 1153 738 amico

149 795 188 851 90
202 774 320 834 vivitur.
363 773 458 834 Cuius
475 782 576 831 autem
591 791 679 832 aures
694 774 815 833 clausae
829 774 948 834 veritati
963 785 1042 849 sunt,
1058 785 1091 835 ut
1114 776 1152 834 ab

203 873 299 932 amico
314 891 418 932 verum
433 870 536 930 audire
553 880 693 946 nequeat,
702 871 790 930 huius
802 871 883 930 salus
893 871 1085 948 desperanda
1095 883 1152 932 est.

203 971 317 1028 Scitum
346 980 392 1029 est
415 970 493 1029 enim
518 967 592 1026 illud
619 968 753 1041 Catonis,
779 978 812 1026 ut
841 968 951 1028 multa:
987 969 1095 1028 melius
1113 968 1152 1028 de

202 1067 383 1143 quibusdam
399 1067 525 1126 acerbos
541 1064 678 1124 inimicos
701 1065 816 1137 mereri,
839 1083 930 1140 quam
952 1083 1005 1124 eos
1027 1065 1149 1139 amicos

202 1165 253 1239 qui
281 1165 384 1223 dulces
411 1165 589 1238 videantur3
624 1162 692 1221 illos
717 1180 821 1220 verum
846 1180 936 1237 saepe
959 1162 1069 1235 dicere,
1094 1163 1151 1221 hos

202 1281 374 1337 numquam.
418 1264 519 1337 Atque
534 1261 609 1319 illud
625 1259 797 1329 absurdum,
814 1258 896 1333 quod
911 1258 947 1330 ei,
963 1258 1015 1334 qui
1030 1278 1153 1319 monen-

202 1368 257 1430 tur,
279 1377 344 1417 eam
366 1358 535 1417 molestiam
557 1377 647 1433 quam
669 1356 783 1415 debent
805 1374 913 1430 capere
935 1374 996 1413 nou
1018 1355 1150 1432 capiunt,

201 1474 266 1514 eam
291 1457 414 1533 capiunt
442 1476 502 1532 qua
530 1455 643 1514 debent
670 1470 787 1512 vacare.
831 1453 980 1511 Peccasse
1008 1452 1089 1511 enim
1117 1473 1151 1513 se

202 1572 263 1610 non
277 1563 440 1641 anguntur,
462 1551 612 1628 obiurgari
638 1551 764 1609 moleste
789 1550 908 1621 ferunt,
943 1549 1025 1624 quod
1045 1562 1151 1610 contra

201 1651 360 1725 oportebat
375 1650 485 1708 delicto
501 1648 612 1720 dolere,
629 1648 815 1708 correctione
832 1646 974 1723 gaudere.

147 1768 182 1824 91
241 1749 339 1807 XXV.
381 1748 425 1805 Ut
440 1746 529 1824 igitur
543 1755 574 1804 et
595 1764 716 1804 monere
738 1756 769 1804 et
791 1742 907 1802 moneri
929 1742 1082 1819 proprium
1104 1754 1151 1806 est

128 1913 129 1916 Ἴ
200 1862 289 1902 verae
313 1843 470 1914 amicitiae,
495 1852 526 1901 et
549 1843 674 1902 alterum
700 1842 793 1901 libere
816 1842 926 1914 facere,
948 1859 1011 1899 non
1034 1861 1149 1918 aspere,

201 1941 327 1999 alterum
348 1940 498 2016 patienter
515 1940 660 2015 accipere,
675 1959 737 1998 non
752 1949 964 2017 repugnanter,
981 1938 1025 1999 sic
1040 1940 1151 1999 haben-

200 2038 271 2097 durn
287 2048 333 2096 est
348 2039 460 2095 nullam
476 2037 506 2095 in
521 2036 659 2095 amicitiis
674 2048 789 2113 pestem
805 2056 874 2097 esse
889 2038 1042 2111 maiorem,
1059 2058 1148 2114 quam

187 2135 404 2219 'adulationem
425 2134 603 2192 blanditiam
626 2134 885 2196 assentationem:
915 2137 1052 2212 quamvis
1068 2136 1148 2194 enim

199 2232 301 2289 multis
329 2230 500 2289 nominibus
530 2240 576 2288 est
607 2232 666 2290 hoc
693 2231 798 2292 vitium
834 2234 1003 2293 notandum
1038 2233 1148 2292 levium

198 2328 354 2386 hominum
379 2338 468 2403 atque
491 2326 652 2400 fallacium,
681 2328 720 2386 ad
744 2331 932 2408 voluptatem
960 2330 1148 2406 loquentium

144 2446 180 2503 92
199 2425 308 2497 omnia,
324 2424 397 2482 nihil
413 2425 450 2483 ad
467 2424 631 2484 veritatem.
677 2426 755 2487 Cum
771 2439 872 2488 autern
893 2427 1027 2487 omnium
1048 2445 1146 2485 rerum

198 2522 349 2582 simulatio
373 2521 482 2580 vitiosa
509 2531 564 2594 est,
590 2522 670 2583 tollit
697 2525 778 2584 enim
802 2526 944 2585 iudicium
968 2523 1032 2584 veri
1056 2522 1147 2599 idque

198 2620 357 2691 adulterat,
373 2627 436 2677 tum
452 2619 601 2678 amicitiae
624 2634 772 2701 repugnat
793 2623 943 2695 maxime3
970 2621 1053 2680 delet
1067 2620 1147 2679 enim

196 2717 363 2789 veritatem,
386 2715 450 2774 sine
473 2736 534 2793 qua
556 2738 667 2779 nomen
682 2720 831 2778 amicitiae
846 2719 947 2776 valere
961 2736 1023 2775 non
1037 2724 1145 2791 potest.

198 2815 278 2872 Nam
293 2830 360 2871 cum
376 2812 524 2872 amicitiae
539 2816 585 2874 vis
601 2816 639 2875 sit
653 2817 684 2874 in
705 2834 752 2887 eo,
767 2824 800 2873 ut
821 2832 899 2872 unus
920 2813 1008 2888 quasi
1029 2811 1147 2870 animus

196 2910 249 2968 fiat
263 2927 301 2967 ex
315 2908 451 2985 pluribus
463 2932 471 2984 ;
492 2912 543 2987 qui
558 2913 590 2971 id
604 2913 668 2970 fieri
682 2911 801 2988 poterit,
814 2910 840 2970 si
855 2928 893 2967 ne
908 2909 939 2967 in
950 2927 1012 2967 uno
1024 2907 1145 2983 quidem

197 3025 318 3083 quoque
342 3027 421 3068 unus
438 3010 556 3069 animus
579 3010 635 3069 erit
656 3009 797 3083 idemque
819 3024 948 3081 semper,
971 3005 1026 3064 sed
1047 3003 1146 3062 varius

142 3124 179 3181 93
196 3106 418 3165 commutabilis
443 3106 618 3182 multiplex?
660 3104 742 3179 Quid
765 3103 845 3162 enirn
868 3112 1060 3178 potestesse
1084 3109 1146 3158 tam

195 3203 335 3278 flexibile,
352 3215 414 3264 tam
429 3203 558 3276 devium,
575 3221 665 3278 quam
681 3201 798 3260 animus
812 3200 886 3272 eius,
902 3198 954 3276 qui
969 3199 1008 3257 ad
1022 3195 1146 3256 alterius

196 3323 257 3362 non
268 3304 360 3363 modo
373 3319 496 3361 sensum
507 3319 543 3359 ac
552 3300 748 3370 voluntatem,
757 3296 813 3357 sed
827 3296 918 3356 etiam
928 3296 1041 3368 voltum
1054 3302 1145 3370 atque

197 3411 301 3459 nutum
317 3397 522 3459 convertitur?
