2602 3864
204 215 240 261 12
582 211 754 264 LAELIUS
996 208 1096 280 [VIII.
1111 208 1145 262 26

145 399 180 458 27
198 382 272 458 quid
293 389 349 455 est,
372 379 403 438 id
426 387 473 438 est
486 397 590 438 verum
613 389 644 438 et
657 373 867 439 voluntarium.
910 379 1104 455 Quapropter
1127 400 1145 438 a

198 487 306 536 natura
333 477 405 535 mihi
432 476 551 534 videtur
578 476 792 553 potiusquam
817 477 856 535 ab
884 475 1052 553 indigentia
1079 488 1146 536 orta
1190 512 1192 517 ·

198 574 339 647 amicitia,
363 573 566 651 applicatione
588 572 684 650 magis
699 573 790 632 animi
813 592 880 632 cum
896 574 1030 649 quodam
1053 592 1145 633 sensu

197 671 328 743 amandi,
355 690 446 747 quam
471 669 654 746 cogitatione
678 679 824 746 quantum
852 669 904 729 illa
932 689 980 730 res
1008 670 1146 730 utilitatis

197 780 279 827 esset
292 768 441 826 habitura.
482 766 574 840 Quod
590 766 711 842 quidem
726 767 815 843 quale
831 767 877 839 sit,
889 767 980 826 etiam
995 768 1026 826 in
1040 768 1146 827 bestiis

198 865 379 941 quibusdam
403 863 601 922 animadverti
630 873 740 940 potest,
766 883 844 940 quae
870 883 908 924 ex
932 883 966 925 se
992 874 1080 924 natos
1104 865 1147 923 ita

198 973 302 1020 amant
323 960 361 1019 ad
385 959 538 1036 quoddam
561 970 681 1036 tempus
704 970 734 1018 et
757 960 796 1019 ab
819 961 864 1020 eis
887 962 929 1020 ita
951 972 1098 1034 amantur,
1114 972 1147 1020 ut

197 1058 286 1117 facile
308 1075 409 1116 earum
432 1075 539 1116 sensus
561 1068 717 1133 appareat.
759 1056 852 1129 Quod
867 1059 896 1116 in
914 1058 1036 1117 homine
1052 1057 1146 1116 multo

198 1164 245 1213 est
268 1153 446 1225 evidentius,
470 1153 598 1228 primum
623 1170 721 1211 exea
746 1154 871 1213 caritate
896 1173 973 1230 quae
998 1162 1045 1213 est
1070 1153 1148 1211 inter

199 1262 288 1310 natos
311 1259 342 1309 et
366 1249 508 1326 parentis,
530 1267 608 1324 quae
633 1250 734 1313 dirimi
757 1250 815 1310 nisi
838 1251 1011 1310 detestabili
1032 1250 1147 1309 scelere

198 1368 261 1407 non
282 1343 390 1425 potest,
411 1346 522 1405 deinde
544 1365 611 1405 cum
633 1346 738 1406 similis
761 1366 869 1407 sensus
892 1347 1008 1407 exstitit
1028 1347 1146 1418 amoris,

198 1447 225 1506 si
246 1446 377 1522 aliquem
399 1444 481 1502 nacti
504 1463 616 1516 sumuS,
632 1445 717 1504 cuius
740 1452 808 1505 cum
831 1445 965 1504 moribus
988 1453 1018 1503 et
1040 1452 1147 1501 natura

199 1561 409 1620 congruamus,
425 1542 508 1616 quod
523 1540 552 1597 in
570 1559 608 1599 eo
623 1542 709 1618 quasi
725 1543 825 1601 lumen
845 1541 967 1616 aliquod
987 1540 1147 1618 probitatis

147 1645 184 1703 28
199 1652 229 1701 et
244 1640 360 1699 virtutis
379 1638 550 1716 perspicere
565 1619 756 1722 videamur]
773 1639 856 1698 Nihil
876 1648 923 1698 est
942 1639 1022 1696 enim
1037 1638 1147 1697 virtute

200 1738 366 1809 amabilius,
396 1736 470 1793 nihil
498 1736 581 1812 quod
610 1737 705 1815 magis
734 1737 845 1795 alliciat
873 1735 912 1794 ad
943 1734 1146 1812 diligendum:

199 1835 312 1911 quippe
333 1852 401 1893 cum
422 1843 547 1909 propter
561 1832 699 1892 virtutem
722 1843 752 1891 et
774 1833 954 1909 probitatem
976 1830 1066 1889 etiam
1084 1848 1146 1900 eos

199 1951 276 2008 quos
288 1949 452 2006 numquam
465 1929 603 2003 vidimus,
616 1932 748 2006 quodam
762 1930 852 1988 modo
864 1928 1033 2005 diligamus.
1069 1925 1147 1999 Quis

199 2039 246 2089 est
269 2029 320 2105 qui
343 2029 379 2087 C.
403 2026 530 2099 Fabrici,
554 2028 607 2085 Μ’.
629 2027 702 2086 Curi
725 2045 785 2084 non
808 2043 876 2084 cum
899 2024 1024 2083 caritate
1046 2023 1148 2097 aliqua

199 2126 349 2187 benevola
374 2124 548 2182 memoriam
574 2132 707 2200 usurpet,
731 2141 809 2198 quos
832 2139 995 2196 numquam
1020 2118 1147 2179 viderit?

200 2225 277 2299 Quis
305 2233 406 2282 autem
433 2231 484 2280 est
517 2220 569 2296 qui
592 2218 789 2295 Tarquinium
814 2217 992 2296 Superbum,
1014 2215 1066 2291 qui
1095 2216 1147 2292 Sp.

201 2322 348 2395 Cassium,
370 2321 424 2397 Sp.
444 2318 589 2377 Maelium
612 2336 673 2375 non
694 2315 813 2376 oderit?
855 2315 932 2374 Cum
954 2312 1074 2372 duobus
1095 2312 1149 2371 du·

199 2420 285 2480 cibus
310 2420 349 2478 de
372 2417 497 2494 imperio
521 2417 551 2473 iu
576 2413 666 2473 Italia
688 2424 735 2471 est
759 2413 956 2483 decertatum,
979 2410 1094 2487 Pyrrho
1117 2417 1148 2468 et

201 2515 377 2576 Hannibale
389 2537 398 2590 3
430 2517 470 2575 ab
498 2513 594 2573 altero
622 2520 747 2587 propter
773 2507 955 2585 probitatem
990 2507 1055 2566 eius
1086 2525 1146 2565 non

200 2615 289 2673 nimis
304 2614 419 2673 alienos
435 2613 551 2671 animos
567 2610 723 2680 habemus,
740 2608 866 2666 alterum
885 2613 1010 2682 propter
1023 2602 1149 2662 crudeli-

201 2721 293 2771 tatem
309 2729 429 2786 semper
443 2710 518 2767 haec
532 2707 638 2765 civitas
653 2704 759 2763 oderit.

149 2828 185 2887 29
241 2809 297 2865 IX.
339 2806 431 2880 Quod
453 2805 478 2863 si
499 2813 583 2862 tanta
598 2802 643 2860 vis
665 2798 823 2878 probitatis
838 2807 893 2870 est,
908 2806 942 2856 ut
961 2814 1029 2854 eam
1045 2795 1093 2854 vel
1116 2793 1147 2852 in

200 2904 253 2977 eis,
277 2923 354 2979 quos
377 2920 539 2977 numquam
562 2899 702 2970 vidimus,
728 2897 784 2970 vel,
811 2894 893 2971 quod
917 2893 1013 2951 maius
1037 2901 1091 2963 est,
1117 2891 1148 2950 in

200 3003 293 3080 hoste·
309 3000 400 3058 ctiam
422 2999 590 3075 diligamus,
606 2995 679 3070 quid
700 2992 806 3051 mirum
827 3001 883 3064 est,
899 2990 926 3050 si
946 2989 1038 3048 animi
1055 2989 1149 3047 homi-

202 3117 272 3158 num
294 3105 479 3165 moveantur,
494 3113 561 3153 cum
585 3110 698 3163 eorum,
715 3090 894 3166 quibuscum
917 3107 974 3146 usu
996 3085 1149 3146 coniuncti

201 3214 269 3255 esse
288 3203 424 3271 possunt,
440 3191 579 3250 virtutem
602 3197 633 3246 et
651 3186 818 3247 bonitatem
838 3184 1010 3261 perspicere
1029 3183 1150 3242 videan-

201 3294 270 3354 tur?
302 3291 493 3365 Quamquam
504 3287 699 3346 confirmatur
711 3302 797 3343 amor
810 3293 841 3343 et
856 3282 1004 3342 beneficio
1021 3291 1147 3356 accepto

202 3400 233 3450 et
257 3389 358 3449 studio
382 3396 542 3464 perspecto
565 3392 597 3443 et
618 3380 839 3442 consuetudine
864 3379 1014 3452 adiuncta,
1039 3378 1149 3454 quibus
