2602 3864
342 635 396 714 Μ.
432 636 605 711 TULLl
644 632 942 710 CICERONIS

422 847 870 954 LAELIUS

495 1095 554 1154 DE
582 1094 798 1154 AMICITIA.

186 1403 211 1461 I.
253 1400 293 1474 Q.
319 1400 449 1459 Mucius
474 1415 569 1474 augur
593 1395 688 1454 multa
712 1412 834 1454 narrare
859 1393 898 1454 de
927 1395 961 1455 C.
988 1393 1124 1456 Laelior

145 1515 251 1558 socero
266 1515 321 1556 suo
340 1493 513 1554 memoriter
534 1502 565 1552 et
586 1491 716 1551 iucunde
737 1490 856 1550 solebat
876 1509 933 1550 nec
954 1491 1092 1551 dubitare

145 1594 228 1652 illum
250 1593 281 1651 in
302 1591 384 1651 omni
405 1608 545 1650 sermone
568 1589 721 1665 appellare
742 1587 918 1664 sapientem.
962 1589 1027 1666 Ego
1042 1607 1093 1647 au·

145 1700 205 1748 tem
228 1708 246 1747 a
267 1698 352 1765 patre
375 1688 417 1746 ita
438 1705 520 1745 eram
542 1685 691 1744 deductus
713 1684 751 1743 ad
775 1685 952 1743 Scaevolam
973 1694 1094 1761 sumpta

145 1785 223 1844 virili
243 1794 324 1862 toga,
346 1793 387 1856 ut,
410 1783 512 1858 quoad
534 1799 655 1858 possem
677 1791 708 1839 et
728 1779 839 1852 liceret,
856 1799 874 1838 a
895 1781 977 1840 senis
998 1781 1092 1840 latere
1121 1746 1176 1871 μζ
1190 1834 1201 1873 Ι,
1222 1843 1229 1849 ,

146 1899 311 1957 numquam
328 1879 525 1938 discederem.
569 1879 676 1953 Itaque
696 1878 790 1936 multa
811 1879 850 1938 ab
871 1896 908 1937 eo
929 1880 1094 1955 prudenter
1177 1876 1190 1890 ”

146 1979 310 2054 disputata,
325 1977 421 2036 multa
441 1973 533 2035 etiarn
555 1974 687 2033 breviter
703 1985 734 2033 et
750 1976 908 2034 commode
930 1975 1012 2035 dicta
1033 1994 1094 2035 me-

146 2075 259 2134 moriae
287 2074 480 2146 mandabam,
503 2072 629 2147 fierique
652 2071 812 2131 studebam
840 2074 905 2134 elus
933 2074 1094 2152 prudentia
1149 2102 1153 2113 ·

147 2172 274 2231 doctior.
324 2171 394 2245 Quo
423 2180 541 2229 mortuo
570 2188 618 2228 me
646 2168 685 2227 ad
713 2170 887 2246 pontificem
916 2171 1094 2230 Scaevolam

147 2267 270 2340 contuli,
285 2286 376 2343 quem
397 2285 489 2325 unum
512 2275 634 2325 nostrae
656 2265 786 2326 civitatis
807 2278 839 2327 et
857 2268 978 2346 ingenio
993 2278 1024 2328 et
1038 2267 1095 2327 ius-

147 2364 213 2422 titia
227 2362 518 2440 praestantissimum
539 2363 638 2422 audeo
654 2362 763 2422 dicere.
808 2365 869 2423 Sed
884 2365 922 2425 de
936 2366 995 2425 hoc
1009 2365 1094 2437 alias,

148 2479 229 2519 nunc
249 2461 341 2519 redeo
363 2459 402 2518 ad
424 2479 576 2536 augurem.
620 2461 696 2519 Cum
720 2479 811 2537 saepe
833 2462 935 2535 multa,
951 2471 1015 2520 tum
1036 2480 1125 2521 mea

148 2555 221 2615 mini
242 2554 324 2614 domi
345 2555 375 2612 in
397 2555 574 2634 hemicyclio
596 2557 762 2630 sedentem,
778 2568 811 2617 ut
833 2559 959 2632 solebat,
974 2579 1043 2619 cum
1064 2568 1095 2619 et

148 2672 205 2731 ego
226 2670 325 2712 essem
347 2671 408 2710 una
428 2662 459 2712 et
480 2653 570 2730 pauci
595 2653 759 2713 admodum
780 2655 950 2731 familiares,
973 2656 1004 2716 in
1025 2675 1094 2716 eum

148 2768 318 2810 sermonem
340 2748 425 2808 illum
448 2749 590 2822 incidere,
613 2751 665 2826 qui
686 2760 750 2810 tum
771 2753 835 2811 fere
855 2753 957 2813 multis
978 2764 1043 2813 erat
1064 2755 1094 2813 in

143 2844 209 2908 ore.
245 2847 413 2907 MeminIsti
427 2849 506 2906 enim
522 2849 667 2925 proiecto,
682 2850 790 2922 Attice,
803 2859 834 2909 et
847 2869 884 2910 eo
896 2852 999 2930 magis,
1012 2852 1095 2928 quod

149 2946 182 3003 P.
196 2944 329 3020 Sulpicio
341 2945 465 3023 {Q
481 2946 617 3018 multum,
629 2965 697 3005 cum
713 2947 738 3006 is
754 2948 890 3006 tribunus
905 2948 1003 3025 plebis
1017 2948 1096 3026 capi-

148 3039 201 3099 tali
216 3041 287 3099 odio
302 3060 320 3099 a
340 3041 378 3115 Q.
396 3042 549 3118 Pompeio,
565 3043 616 3118 qui
636 3052 698 3101 tum
713 3054 778 3103 erat
794 3045 909 3118 consul,
925 3045 1095 3117 dissideret,

149 3156 278 3213 quocum
300 3138 544 3197 coniunctissime
566 3149 597 3198 et
619 3141 822 3200 amantissime
842 3142 964 3214 vixerat,
981 3150 1096 3217 quanta

149 3242 231 3292 esset
249 3234 403 3292 hominum
418 3235 466 3293 vel
486 3235 645 3294 admiratio
660 3237 707 3295 vel
723 3238 865 3315 Qlla·
908 3240 1017 3313 Itaque
1031 3248 1094 3296 tum
1108 3256 1127 3313 3

151 3330 307 3403 Scaevola,
323 3350 389 3390 cum
410 3331 440 3389 in
460 3350 527 3390 eam
546 3332 642 3408 ipsam
662 3334 845 3394 mentionem
865 3333 1029 3407 incidisset,
1048 3352 1096 3392 ex·

645 3441 655 3477 1
