2602 3864
211 224 254 286 26
592 233 763 287 LAELIUS
982 232 1108 304 [XVIl³«
1121 232 1155 301 65

207 404 281 464 boni
303 403 366 477 viri,
391 420 481 480 quem
504 403 634 461 eundem
658 401 827 478 sapientem
852 401 923 462 licet
947 404 1056 476 dicere,
1081 404 1157 463 haec

207 502 269 561 duo
297 512 401 560 tenere
426 501 457 559 in
482 500 630 559 amicitia:
663 500 800 576 primum,
826 519 863 558 ne
889 500 962 576 quid
986 501 1089 559 fictum
1117 501 1157 559 sit

207 617 284 656 neve
306 598 477 656 simulatum
490 618 499 671 3
526 607 629 672 aperte
650 596 731 654 enim
747 596 794 653 vel
809 598 910 656 odisse
925 597 1020 674 magis
1035 596 1157 674 ingenui

207 705 254 754 est
267 713 358 772 quam
369 695 468 752 fronte
478 694 628 751 occultare
641 693 840 752 sententiam:
864 693 975 752 deinde
987 712 1048 751 non
1058 693 1156 752 solum

208 788 247 846 ab
262 788 363 863 aliquo
378 787 486 845 allatas
501 786 727 845 criminationes
748 787 904 861 repellere,
921 787 976 845 sed
998 804 1036 844 ne
1057 787 1156 862 ipsum

207 886 331 963 quidem
351 902 419 943 esse
441 882 649 958 suspiciosum,
666 901 786 960 semper
802 883 916 959 aliquid
933 883 1155 943 existimantem

154 983 191 1042 66
207 983 246 1041 ab
267 981 364 1040 amico
384 998 451 1039 esse
466 980 621 1038 violatum.
664 981 801 1039 Accedat
826 981 885 1038 huc
910 980 1043 1040 suavitas
1067 1000 1158 1057 quae·

207 1080 277 1139 dam
305 1087 425 1154 oportet
450 1094 622 1136 sermonum
648 1085 739 1153 atque
768 1096 893 1151 morum,
920 1077 1155 1153 haudquaquam

206 1176 358 1234 mediocre
383 1175 610 1235 condimentum
636 1177 796 1236 amicitiae.
838 1176 975 1235 Tristitia
999 1186 1099 1235 autem
1126 1187 1157 1236 et

206 1273 236 1332 in
251 1274 333 1332 omni
348 1292 379 1332 re
394 1274 539 1332 severitas
561 1275 653 1334 habet
674 1274 726 1332 illa
748 1274 869 1350 quidem
891 1274 1077 1352 gravitatem,
1100 1275 1156 1334 sed

206 1371 338 1430 amicitia
351 1372 503 1432 remissior
517 1391 585 1434 esse
600 1375 692 1434 debet
706 1384 737 1433 et
752 1373 873 1433 liberior
888 1384 918 1432 et
939 1372 1056 1432 dulcior
1070 1381 1100 1431 et
1115 1374 1154 1433 ad

206 1488 327 1530 omnem
342 1471 514 1531 comitatem
529 1473 767 1549 facilitatemque
782 1472 950 1550 proclivior.

152 1568 189 1646 67
247 1570 333 1628 XIX.
378 1571 503 1631 Exsistit
532 1581 632 1630 autem
660 1573 718 1630 hoc
744 1572 811 1630 loco
837 1572 986 1647 quaedam
1015 1570 1154 1647 quaestio

206 1667 403 1741 subdifficilis,
430 1687 500 1727 num
526 1667 649 1744 quando
677 1669 766 1727 amici
793 1669 872 1743 novi,
902 1669 985 1747 digni
1012 1670 1153 1742 amicitia,

205 1766 357 1826 veteribus
385 1767 446 1826 sint
473 1766 687 1843 anteponendi,
716 1775 749 1824 ut
776 1767 861 1842 equis
889 1767 998 1827 vetulis
1033 1778 1154 1827 teneros

206 1874 390 1941 anteponere
415 1864 567 1923 solemus:
599 1863 724 1940 indigna
750 1864 872 1922 homine
895 1864 1061 1938 dubitati03
1091 1884 1153 1923 non

205 1960 285 2019 enim
314 1961 427 2020 debent
454 1979 522 2021 esse
550 1961 758 2033 amicitiarum,
787 1961 864 2020 sicut
892 1961 1016 2019 aliarum
1045 1980 1152 2032 rerum,

206 2058 381 2132 satietates3
408 2058 567 2117 veterrima
582 2076 728 2133 quaeque,
744 2067 776 2116 ut
791 2076 828 2116 ea
841 2057 912 2116 vina
926 2075 1003 2132 quae
1024 2068 1153 2116 vetusta-

129 2160 132 2167 '
205 2163 267 2212 tem
280 2156 393 2228 ferunt,
406 2173 474 2213 esse
496 2155 610 2213 debent
626 2153 813 2226 suavissima,
829 2172 992 2229 verumque
1007 2154 1081 2212 illud
1096 2165 1151 2227 est,

205 2252 288 2327 quod
310 2251 426 2324 dicitur,
441 2251 552 2310 multos
573 2251 692 2309 modios
713 2251 785 2309 salis
806 2250 895 2309 simul
916 2251 1053 2309 edendos
1075 2270 1151 2321 esse,

152 2348 190 2407 68
204 2359 238 2407 ut
252 2347 401 2407 amicitiae
417 2366 525 2407 munus
547 2347 699 2424 expletum
721 2347 769 2407 sit.
813 2348 972 2406 Novitates
993 2357 1101 2417 autem,
1126 2348 1152 2406 si

205 2464 290 2522 spem
319 2445 458 2518 afferunt,
486 2454 520 2504 ut
544 2455 697 2521 tamquam
726 2444 757 2502 in
782 2445 883 2503 herbis
908 2463 969 2503 non
992 2445 1152 2503 fallacibus

205 2544 320 2602 fructus
347 2551 501 2620 appareat,
528 2561 589 2600 non
615 2552 685 2601 sunt
700 2542 777 2600 illae
799 2541 920 2618 quidem
936 2541 1150 2617 repudiandae,

203 2649 338 2699 vetustas
349 2651 450 2699 tamen
463 2658 518 2699 suo
534 2640 601 2698 loco
616 2639 826 2698 conservanda
839 2660 848 2712 ;
873 2637 1001 2696 maxima
1013 2647 1059 2695 est
1070 2639 1151 2694 enim

203 2735 249 2795 vis
263 2737 422 2795 vetustatis
436 2746 467 2795 et
481 2735 718 2795 consuetudinis.
762 2737 835 2812 Ipso
850 2752 937 2809 equ0,
953 2733 1037 2792 cuius
1059 2735 1151 2792 modo

204 2832 262 2890 leci
278 2833 472 2904 mentionem,
488 2833 514 2891 si
529 2832 612 2891 nulla
626 2851 674 2890 res
689 2832 842 2907 impediat,
852 2849 941 2888 nemo
957 2839 1004 2889 est
1015 2828 1088 2906 quin
1103 2849 1149 2902 eo,

205 2947 264 3004 quo
279 2930 444 3000 consuevit,
460 2929 602 2988 libentius
616 2938 717 2988 utatur
728 2947 817 3004 quam
833 2928 995 2986 intractato
1010 2937 1040 2986 et
1055 2946 1152 3000 novo;

205 3045 261 3085 nec
275 3045 346 3084 vero
362 3026 391 3084 in
406 3027 474 3097 hoc,
490 3027 571 3101 quod
587 3036 633 3084 est
649 3026 768 3096 animal,
781 3026 836 3084 sed
851 3025 881 3082 in
896 3025 940 3083 eis
955 3026 1054 3096 etiam,
1071 3044 1150 3100 quae

204 3131 275 3181 sunt
290 3123 430 3196 inanima,
446 3123 635 3182 consuetudo
650 3122 738 3194 valet,
754 3142 821 3180 cum
838 3122 912 3180 locis
934 3122 1007 3197 ipsis
1022 3122 1151 3180 delecte·

204 3237 277 3292 mur,
293 3219 461 3278 montuosis
475 3219 565 3278 etiam
587 3229 617 3278 et
638 3219 834 3292 silvestribus,
856 3219 886 3276 in
908 3219 1018 3295 quibus
1039 3217 1151 3276 diutius

204 3316 380 3374 commorati
395 3335 508 3375 sumus.

151 3413 189 3487 69
246 3414 307 3472 Sed
342 3413 504 3472 maximum
533 3423 580 3473 est
608 3413 638 3472 in
668 3413 799 3473 amicitia
827 3413 1011 3490 superiorem
1046 3430 1149 3489 parem
