2602 3864
149 259 232 311 ΧΧΙ.
247 258 291 336 78]
488 257 543 309 DE
568 255 770 309 AMICITIA.
1057 259 1098 322 29

151 435 272 494 amicis:
303 453 379 511 quas
395 432 447 510 qui
468 433 613 511 impedire
633 432 706 506 volt,
728 434 811 509 quod
832 432 1014 492 desiderium
1037 453 1104 492 non·

150 532 239 591 facile
260 533 347 611 ferat,
363 531 388 589 is
410 540 441 590 et
461 530 597 589 infirmus
620 539 667 589 est
691 530 851 606 mollisque
876 539 984 589 natura
1006 541 1036 590 et
1058 531 1098 590 ob

150 648 218 687 eam
233 629 329 706 ipsam
344 646 468 687 causam
483 627 513 685 in
529 626 660 686 amicitia
674 646 779 703 parum
798 627 903 687 iustus.
945 630 1046 705 Atque
1068 629 1099 688 in
1114 631 1152 707 76

108 725 116 736 '
150 725 232 784 omni
253 744 285 783 re
306 724 559 784 considerandum
581 733 636 797 est,
652 734 682 783 et
704 723 775 801 quid
791 724 926 800 postules
941 725 980 784 ab
1002 725 1107 828 amicqJ
1145 774 1156 821 ¹,

149 832 180 880 et
195 822 267 898 quid
282 821 397 900 patiare
412 831 475 880 ate
490 821 652 898 impetrari.
1077 822 1149 904 l„f
1178 886 1181 891 ¹

189 920 277 978 XXI.
320 919 376 977 Est
411 917 501 976 etiam
537 918 687 994 quaedam
716 919 873 978 calamitas
900 919 931 977 in
960 902 1099 980 amicitiis
1138 903 1169 937 s

149 1014 337 1075 dimittendis
365 1035 426 1074 non
455 1033 619 1090 numquam
647 1015 836 1076 necessaria:
878 1016 938 1075 iam
967 1017 1047 1076 enim
1080 1036 1099 1076 a

150 1112 330 1189 sapientium
345 1111 599 1171 familiaritatibus
622 1113 662 1171 ad
680 1112 812 1190 volgaris
834 1113 980 1173 amicitias
1001 1113 1098 1187 oratio

150 1219 253 1268 nostra
267 1208 424 1268 delabitur.
468 1209 639 1286 Erumpunt
653 1227 745 1286 saepe
759 1209 832 1268 vitia
847 1210 1011 1271 amicorum
1033 1221 1096 1270 tum

148 1305 179 1364 in
204 1301 287 1383 ipsos
318 1306 441 1378 amicos,
468 1315 530 1364 tum
558 1305 590 1364 in
618 1306 743 1381 alienos,
772 1326 900 1384 quorum
929 1317 1030 1366 tamen
1059 1309 1099 1368 ad

149 1401 262 1460 amicos
281 1401 430 1459 redundet
451 1400 583 1460 infamia.
626 1401 718 1460 Tales
743 1401 833 1478 igitur
855 1401 1005 1461 amicitiae
1028 1413 1099 1463 sunt

148 1497 325 1556 remissione
340 1515 412 1556 usus
427 1497 574 1555 eluendae
592 1505 631 1569 et,
645 1507 678 1557 ut
694 1499 842 1557 Catonem
865 1498 965 1558 dicere
988 1499 1097 1573 audivi,

149 1594 331 1655 dissuendae
360 1594 456 1671 magis
484 1614 575 1670 quam
603 1595 831 1667 discindendae,
860 1595 919 1655 nisi
947 1598 1097 1673 quaedam

149 1693 311 1752 admodum
328 1690 526 1750 intolerabilis
542 1690 649 1749 iniuria
660 1692 813 1765 exarserit,
826 1702 859 1752 ut
869 1711 967 1769 neque
983 1702 1098 1752 rectum

148 1810 247 1867 neque
262 1792 422 1850 honestum
437 1790 476 1849 sit
491 1807 547 1848 nec
561 1789 624 1847 fieri
639 1789 735 1866 possit
750 1799 783 1849 ut
798 1810 859 1849 non
874 1791 974 1850 statim
988 1791 1099 1850 aliena-

148 1888 191 1946 tio
213 1888 435 1966 disiunctioque
457 1888 598 1947 facienda
619 1888 666 1947 sit.
711 1889 763 1947 Sin
786 1897 886 1947 autem
909 1898 961 1948 aut
982 1909 1098 1948 morum
1114 1907 1149 1967 77

148 1994 200 2042 aut
214 1984 383 2044 studiorum
399 1986 594 2045 commutatio
609 1986 768 2062 quaedam,
784 1995 817 2044 ut
831 1985 895 2044 fieri
915 1987 1001 2059 solet,
1016 1988 1098 2047 facta

147 2082 212 2154 erit,
229 2093 280 2141 aut
295 2083 325 2140 in
340 2083 382 2141 rei
404 2083 542 2159 publicae
564 2083 700 2159 partibus
722 2081 873 2142 dissensio
896 2083 1098 2143 intercesserit

146 2180 300 2256 —loquor
321 2181 400 2239 enim
423 2181 491 2254 iam,
507 2189 540 2239 ut
561 2181 652 2257 paulo
674 2190 745 2238 ante
765 2180 834 2253 dixi,
851 2199 912 2239 non
928 2181 966 2239 de
981 2181 1098 2258 sapien-

147 2275 230 2349 tium,
246 2277 300 2336 sed
316 2277 354 2336 de
370 2278 580 2337 communibus
602 2277 741 2335 amicitiis
751 2310 790 2320 -
801 2278 969 2336 cavendum
988 2278 1097 2336 eritne

147 2391 209 2431 non
237 2375 335 2432 solum
364 2375 512 2433 amicitiae
541 2373 707 2450 depositae,
732 2374 899 2432 sedetiam
923 2373 1096 2433 inimicitiae

147 2481 307 2546 susceptae
335 2470 502 2529 videantur.
559 2471 642 2529 Nihil
671 2471 749 2529 enim
779 2480 826 2529 est
854 2471 971 2546 turpius
1005 2490 1096 2547 quam

147 2585 214 2625 cum
231 2585 268 2626 eo
282 2567 395 2625 bellum
409 2584 523 2644 gerere,
539 2585 668 2642 quocum
684 2566 871 2624 familiariter
885 2566 1003 2627 vixeris.
1046 2568 1096 2627 Ab

148 2664 279 2722 amicitia
293 2663 332 2737 Q.
348 2663 473 2740 Pompei
489 2682 557 2722 meo
572 2663 693 2722 nomine
708 2682 741 2723 se
757 2674 933 2737 removerat,
949 2674 982 2723 ut
1002 2665 1095 2738 scitis,

148 2761 249 2838 Scipio
262 2783 271 2836 3
301 2771 425 2838 propter
441 2760 662 2820 dissensionem
686 2769 796 2832 autem,
819 2780 896 2836 quae
921 2771 986 2820 erat
1009 2761 1039 2819 in
1064 2781 1096 2820 re

113 2874 114 2877 ’
146 2859 277 2934 publica,
294 2859 442 2918 alienatus
457 2868 504 2918 est
519 2878 537 2916 a
557 2859 675 2936 collega
690 2869 794 2917 nostro
810 2859 957 2918 Metello:
985 2868 1096 2918 utrum·

147 2974 206 3031 que
220 2956 282 3034 egit
295 2956 425 3033 graviter
440 2974 475 3014 ac
490 2965 655 3031 temperate
674 2964 705 3014 et
727 2954 895 3014 offensione
921 2956 1013 3014 animi
1033 2975 1095 3015 non

147 3054 265 3112 acerba.
308 3053 409 3127 Quam
434 3053 474 3111 ob
502 3070 565 3109 rem
590 3052 719 3129 primum
744 3052 847 3111 danda
869 3071 962 3131 opera
985 3062 1033 3112 est
1057 3071 1095 3111 ne
1112 3055 1148 3130 78

147 3168 207 3224 qua
228 3149 390 3209 amicorum
407 3149 534 3208 discidia
548 3149 639 3207 fiant:
668 3149 714 3209 sin
734 3150 794 3208 tale
816 3148 929 3225 aliquid
951 3149 1094 3221 evenerit,

147 3255 180 3304 ut
214 3247 381 3306 exstinctae
409 3246 509 3321 potius
538 3245 687 3304 amicitiae
716 3264 805 3320 quam
834 3263 998 3321 oppressae
1026 3263 1095 3305 esse

146 3342 313 3403 videantur.
356 3343 534 3402 Cavendum
549 3361 621 3400 vero
636 3361 673 3399 ne
689 3342 778 3400 etiam
800 3341 831 3398 in
852 3342 952 3418 gravis
973 3342 1096 3401 inimici·

147 3439 205 3499 tias
220 3449 399 3499 convertant
413 3458 445 3498 se
461 3439 618 3512 amicitiae,
634 3457 672 3497 ex
686 3438 795 3514 quibus
817 3438 913 3516 iurgia
933 3439 1095 3498 maledicta
