2602 3864
183 225 205 286 6
568 236 738 290 LAELIUS
1015 235 1080 306 [IV.
1101 251 1133 304 13

182 406 278 482 ceptis
301 406 364 466 suis
387 405 569 479 erudierunt,
593 405 641 464 vel
664 405 738 476 eius,
759 404 811 481 qui
833 403 984 482 Apollinis
1008 408 1132 467 oraculo

181 503 422 578 sapientissimus
437 512 484 561 est
499 502 656 575 iudicatus
669 502 731 585 qui
739 512 878 582 non-tum
894 503 1029 581 h09..tu¹¹¹
1047 503 1129 578 illud,
1156 533 1206 557 s

182 609 215 657 ut
230 599 259 656 in
276 599 436 677 plerisque,
451 599 506 657 sed
521 598 602 657 idem
617 616 743 674 semper,
759 598 876 656 animos
891 598 1045 658 hominurn
1063 619 1131 660 esse

181 695 300 754 divinos
322 695 435 770 eisque,
451 713 519 753 cum
533 713 571 753 ex
585 712 711 771 corpore
729 693 940 765 excessissent,
955 696 1084 755 reditum
1100 697 1129 754 in

180 793 296 851 caelum
319 802 423 869 patere
443 791 618 867 optimoque
641 801 671 850 et
694 790 856 849 iustissimo
880 791 987 867 cuique
1007 793 1130 869 expedi·

130 910 166 962 14
180 890 336 949 tissimum.
379 889 471 963 Quod
492 888 572 948 idern
594 889 727 964 Scipioni
742 887 908 960 videbatur,
924 890 975 965 qui
997 890 1128 966 quidem,

180 987 266 1063 quasi
283 985 481 1075 praesagiret,
504 986 663 1062 perpaucis
685 995 756 1043 ante
778 989 904 1044 mortem
926 987 1043 1058 diebus,
1059 1005 1130 1046 eum

179 1095 211 1143 et
223 1084 326 1142 Philus
341 1093 371 1142 et
387 1082 533 1141 Manilius
548 1083 670 1140 adesset
685 1094 715 1141 et
730 1082 780 1141 alil
795 1083 905 1159 plures,
918 1094 1011 1159 tuque
1027 1084 1126 1157 etiarn,

181 1182 336 1254 Scaevola,
352 1199 468 1240 mecum
485 1179 628 1253 venisses,
644 1179 775 1238 triduum
798 1180 940 1240 disseruit
953 1181 992 1239 de
1010 1199 1041 1238 re
1056 1182 1130 1257 pub·

179 1278 246 1350 lica,
259 1277 343 1337 cuius
355 1275 568 1353 disputationis
580 1275 636 1334 tuit
648 1285 814 1334 extremum
828 1278 892 1334 fere
903 1277 942 1335 de
957 1276 1129 1336 immortali-

179 1385 240 1432 tate
256 1373 435 1445 animorum,
448 1391 526 1448 quae
542 1391 575 1431 se
589 1371 620 1428 in
636 1372 736 1446 quiete
751 1391 806 1449 per
819 1373 916 1431 visum
931 1391 967 1432 ex
982 1372 1128 1433 Africano

180 1470 301 1528 audisse
322 1469 452 1528 dicebat.
496 1469 533 1527 ld
554 1467 580 1526 si
601 1467 644 1525 ita
664 1479 718 1541 est,
735 1479 767 1527 ut
782 1469 887 1544 optimi
904 1469 1050 1544 cuiusque
1065 1469 1129 1528 ani·

179 1585 246 1625 mus
262 1567 291 1624 in
314 1574 409 1623 morte
430 1564 572 1622 facillime
593 1565 693 1624 evolet
714 1576 868 1641 tamquam
882 1584 899 1625 e
914 1566 1052 1625 custodia
1066 1566 1128 1624 vin·

182 1663 297 1739 elisque
308 1661 451 1738 corporis,
463 1660 511 1720 cui
523 1679 681 1721 censemus
693 1681 812 1722 cursum
824 1663 863 1721 ad
875 1662 950 1722 deos
962 1663 1127 1722 faciliorem

179 1760 273 1818 fuisse
302 1778 392 1835 quam
423 1758 577 1838 Scipioni?
636 1760 787 1833 Quocirca
815 1778 948 1818 maerere
975 1761 1034 1819 hoc
1061 1761 1127 1819 eius

181 1866 292 1914 eventu
317 1874 422 1913 vereor
447 1872 484 1913 ne
509 1854 601 1914 invidi
627 1857 721 1933 magis
747 1876 838 1935 quam
863 1857 952 1916 amici
975 1857 1021 1916 sit.
1074 1858 1126 1916 Sin

183 1963 283 2010 autem
306 1952 358 2010 illa
379 1952 504 2024 veriora,
528 1962 560 2010 ut
583 1952 662 2011 idem
686 1953 824 2012 interitus
846 1954 885 2013 sit
907 1942 1073 2012 animorum
1096 1967 1128 2014 et

180 2057 338 2126 corpo'rum
362 2068 417 2107 nec
439 2049 517 2108 ullus
539 2068 645 2109 sensus
667 2060 796 2123 maneat,
812 2060 845 2109 ut
859 2051 933 2108 nilril
949 2051 1019 2110 boni
1035 2052 1127 2109 estin

180 2156 284 2218 morte,
314 2146 357 2203 sie
384 2155 465 2204 certe
493 2146 567 2203 nihil
595 2147 675 2206 mali.
719 2148 817 2205 Sensu
845 2147 924 2204 enim
953 2147 1065 2206 amisso
1093 2149 1126 2206 fit

181 2243 269 2314 idem,
287 2240 373 2316 quasi
388 2252 476 2300 natus
498 2261 558 2300 non
581 2253 660 2301 esset
681 2243 813 2315 omnino,
829 2261 917 2319 quem
939 2252 1040 2301 tamen
1059 2263 1126 2304 esse

181 2351 284 2400 natum
299 2351 329 2403 et
344 2359 399 2400 nos
417 2339 581 2417 gaudemus
597 2341 717 2398 ethaeo
735 2340 850 2414 civitas,
866 2340 937 2399 dum
957 2341 1021 2414 erit,
1037 2342 1128 2401 laeta-

104 2434 163 2516 x515
181 2439 269 2499 bitur.
311 2438 412 2512 Quam
435 2438 475 2496 ob
497 2455 560 2494 rem
583 2455 651 2495 cum
677 2437 727 2495 illo
741 2437 872 2512 quidem,
887 2446 921 2495 ut
943 2456 1034 2514 supra
1056 2439 1125 2512 dixi,

182 2547 281 2596 actum
306 2536 420 2614 optime
443 2544 497 2607 est,
522 2552 640 2592 mecum
663 2534 891 2604 incommodius,
916 2552 1004 2610 quem
1029 2535 1128 2594 tuerat

182 2633 317 2709 aequius,
330 2643 364 2691 ut
375 2634 456 2709 prius
468 2630 650 2702 introieram,
663 2630 706 2690 sic
716 2631 799 2707 prius
810 2631 891 2690 exire
902 2631 941 2690 de
952 2631 1023 2690 vita.
1066 2632 1128 2691 Sed

182 2741 283 2790 tamen
299 2730 508 2788 recordatione
523 2740 644 2789 nostrae
660 2728 809 2787 amicitiae
829 2728 872 2787 sic
886 2729 976 2800 fruor,
992 2738 1024 2786 ut
1038 2726 1127 2786 beate
1157 2774 1159 2778 .

182 2828 292 2886 vixisse
307 2827 418 2900 videar,
436 2827 507 2902 quia
522 2846 588 2885 cum
607 2826 748 2902 Scipione
763 2824 895 2896 vixerim,
912 2842 1040 2899 quocum
1056 2824 1127 2882 mihi

182 2926 345 2985 coniuncta
363 2942 435 2982 cura
449 2924 487 2982 de
502 2924 669 3000 publicare
689 2923 772 2982 etde
787 2921 904 2998 privata
917 2920 982 2992 fuit,
998 2939 1128 2996 quocum

183 3035 213 3080 et
228 3023 335 3080 domus
349 3021 406 3079 tuit
426 3030 456 3078 et
478 3020 584 3078 militia
603 3019 771 3078 communis
794 3028 832 3088 et,
848 3017 878 3076 id
902 3017 931 3074 in
955 3036 1015 3092 quo
1030 3016 1128 3076 omnis

125 3185 145 3201 f
183 3119 229 3178 vis
250 3128 297 3178 est
322 3117 479 3190 amicitiae,
502 3117 690 3175 voluntatum
715 3116 883 3174 studiorum
911 3113 1128 3173 sententiarum

110 3214 133 3275 <¹
184 3234 301 3276 summa
315 3213 485 3274 consensio.
529 3215 638 3289 Itaque
652 3231 714 3271 non
730 3222 790 3271 tam
811 3211 869 3270 ista
890 3230 938 3270 me
953 3209 1128 3287 sapientiae,

76 3317 80 3325 '
96 3346 112 3357 =
184 3332 274 3389 quam
287 3311 378 3371 modo
391 3309 523 3370 Fannius
535 3309 788 3380 commemoravit,
803 3309 886 3366 fama
900 3308 1040 3380 delectat,
1052 3305 1131 3365 falsa

185 3409 370 3488 praesertim,
398 3427 489 3485 quam
517 3406 600 3483 quod
628 3406 776 3466 amicitiae
805 3415 925 3464 nostrae
956 3405 1129 3463 memoriam
