2602 3864
231 220 271 297 38
362 267 365 271 .
591 233 763 288 tarmus
947 232 1150 303 [xxv11.101

224 401 349 461 caritate
365 401 593 479 acquiescimus,
606 413 639 461 ut
654 402 686 461 in
699 411 808 476 vestra,
820 413 853 463 ut
867 403 898 463 in
912 403 951 477 Q.
964 403 1135 463 Tuberonis
1145 425 1155 479 ;

223 497 364 572 equidem
390 497 481 556 etiam
507 498 671 556 admodum
697 498 902 558 adulescentis
927 501 961 557 P.
987 498 1090 570 Rutili,
1115 501 1151 557 A.

223 590 348 669 Vergini
367 591 571 650 familiaritate
593 592 736 651 delector.
778 592 991 669 Quoniamque
1013 592 1055 651 ita
1075 593 1153 652 ratio

222 698 398 764 comparata
416 698 463 747 est
476 687 556 746 vitae
578 698 765 765 naturaeque
787 699 918 761 nostrae,
935 698 968 748 ut
988 688 1047 746 alia
1067 698 1152 747 aetas

222 784 343 858 oriatur,
360 785 488 844 maxime
503 784 626 862 quidem
641 785 808 862 optandum
823 796 917 845 estut
931 804 999 844 cum
1021 786 1152 861 aequali·

221 881 278 940 bus
300 882 408 957 possis,
425 881 604 958 quibuscum
628 893 781 959 tamquam
797 901 814 940 e
829 882 1000 942 carceribus
1023 882 1151 942 emissus

151 996 204 1035 102
221 977 272 1051 sis,
288 997 356 1037 cum
374 978 470 1037 isdem
493 978 533 1037 ad
552 979 678 1057 cahem,
693 988 727 1038 ut
748 979 863 1053 dicitur,
879 979 1044 1057 pervenire.
1089 979 1151 1039 Sed

222 1075 364 1151 quoniam
377 1095 425 1135 res
437 1077 587 1136 humanae
598 1077 721 1154 fragiles
733 1077 927 1153 caducaeque
941 1087 1020 1150 sunt,
1030 1096 1151 1154 semper

220 1172 314 1248 aliqui
329 1173 508 1250 anquirendi
524 1183 594 1232 sunt
609 1193 686 1250 quos
708 1174 868 1252 diligamus
883 1184 914 1234 et
928 1193 947 1233 a
960 1174 1070 1250 quibus
1084 1173 1150 1232 dili·

218 1287 342 1346 gamur:
374 1270 500 1328 caritate
517 1271 598 1328 enim
620 1271 893 1347 benevolentiaque
915 1271 1035 1330 sublata
1049 1271 1148 1330 omnis

220 1376 267 1425 est
289 1385 306 1425 e
328 1366 391 1426 vita
415 1367 536 1426 sublata
560 1367 741 1428 iucunditas.
785 1368 862 1426 Mihi
888 1368 1009 1445 quidem
1037 1368 1147 1444 Scipio,

220 1482 403 1541 quamquam
421 1474 467 1523 est
481 1463 582 1523 subito
604 1473 735 1540 ereptus,
750 1465 823 1524 vivit
845 1475 946 1524 tamen
968 1483 1147 1541 semperque

218 1560 316 1621 vivet:
345 1561 485 1621 virtutem
504 1561 584 1620 enim
606 1562 703 1620 amavi
725 1562 805 1621 illius
822 1562 886 1635 viri,
902 1581 979 1639 quae
999 1562 1148 1622 exstincta

217 1679 278 1718 non
294 1670 348 1720 est.
392 1663 459 1720 Nec
473 1660 545 1719 mihi
561 1660 618 1720 soli
632 1671 769 1720 versatur
784 1671 854 1719 ante
869 1661 982 1734 oculos,
999 1660 1050 1737 qui
1065 1661 1147 1719 illam

217 1778 337 1836 semper
352 1760 382 1818 in
398 1761 537 1820 manibus
553 1760 654 1832 habui,
671 1760 831 1820 sedetiam
850 1759 979 1836 posteris
994 1759 1050 1818 erit
1064 1759 1147 1819 clara

217 1866 248 1915 et
260 1858 396 1936 insignis.
433 1861 532 1918 Nemo
548 1879 690 1935 umquam
706 1859 806 1918 animo
822 1869 874 1917 aut
888 1878 941 1934 spe
958 1858 1072 1917 maiora
1084 1877 1147 1917 sus·

217 1954 307 2030 cipiet
330 1956 380 2031 qui
403 1956 461 2015 sibi
481 1975 543 2015 non
566 1956 645 2014 illius
669 1955 842 2014 memoriam
866 1967 958 2031 atque
983 1954 1144 2031 imaginem

147 2066 200 2122 103
216 2050 445 2125 proponendam
481 2061 575 2126 putet.
629 2050 778 2126 Equidem
807 2068 845 2107 ex
872 2048 1012 2107 omnibus
1043 2048 1142 2119 rebuS,

216 2164 292 2220 quas
315 2146 386 2204 mihi
404 2156 456 2205 aut
474 2149 596 2206 fortuna
616 2157 667 2206 aut
690 2156 797 2205 natura
819 2146 930 2212 tribuit,
946 2146 1019 2203 nihil
1045 2146 1144 2203 habeo

217 2242 298 2316 quod
324 2262 392 2301 cum
414 2244 545 2303 amicitia
568 2244 717 2320 Scipionis
739 2242 851 2319 possim
876 2261 1061 2318 comparare.
1106 2245 1143 2301 In

216 2338 273 2398 hac
288 2340 359 2398 mihi
375 2340 413 2399 de
428 2360 459 2399 re
475 2341 596 2416 publica
615 2360 790 2412 consensus,
808 2339 837 2397 in
858 2340 915 2398 hac
935 2358 1034 2397 rerum
1049 2340 1144 2416 priva·

215 2445 312 2495 tarum
328 2438 496 2512 consilium,
512 2438 542 2496 in
557 2439 663 2497 eadem
681 2438 800 2514 requies
819 2438 911 2513 plena
931 2437 1142 2496 oblectationis

214 2534 281 2593 tuit.
323 2536 497 2612 Numquam
513 2536 596 2594 illum
617 2555 654 2594 ne
676 2535 800 2593 minima
819 2534 941 2610 quidem
962 2553 995 2592 re
1016 2534 1140 2604 offendi,

215 2632 296 2705 quod
312 2632 433 2707 quidem
454 2633 607 2703 senserim,
625 2631 697 2690 nihil
719 2632 819 2690 audivi
845 2650 882 2690 ex
906 2649 943 2689 eo
968 2630 1033 2707 ipse
1058 2632 1141 2706 quod
1171 2644 1173 2647 ’

215 2727 325 2785 nollem
336 2750 345 2801 ;
371 2748 433 2786 una
457 2730 567 2786 domus
589 2737 662 2800 erat,
678 2728 759 2785 idem
781 2727 879 2785 victus
902 2726 987 2803 isque
1010 2745 1141 2784 commu-

214 2822 269 2895 nis
296 2842 393 2898 neque
418 2825 516 2882 solum
541 2825 655 2896 militia,
681 2824 736 2882 sed
763 2824 853 2882 etiam
881 2822 1139 2899 peregrinationes

144 2936 200 2990 104
214 2919 486 2996 rusticationesque
501 2939 688 2979 communes.
723 2921 802 2977 Nam
819 2918 891 2993 quid
906 2937 963 2995 ego
978 2918 1016 2976 de
1031 2918 1139 2976 studiis

213 3014 311 3073 dicam
334 3016 539 3093 cognoscendi
558 3034 677 3092 semper
698 3015 812 3090 aliquid
834 3024 924 3090 atque
945 3014 1090 3086 discendi,
1108 3015 1138 3072 in

213 3113 322 3187 quibus
337 3113 443 3171 remoti
461 3113 499 3171 ab
520 3113 615 3172 oculis
635 3113 737 3188 populi
754 3130 844 3170 omne
867 3112 995 3171 otiosum
1018 3121 1137 3188 tempus

213 3210 431 3270 contrivimus?
472 3211 607 3284 Quarum
627 3229 724 3268 rerum
748 3210 919 3269 recordatio
941 3219 972 3268 et
993 3210 1137 3268 memoria

212 3306 236 3364 si
259 3325 408 3366 unacum
431 3307 482 3367 illo
504 3307 674 3378 occidisset,
694 3306 876 3366 desiderium
898 3306 1136 3366 coniunctissimi

211 3413 302 3480 atque
317 3404 512 3464 amantissimi
529 3404 583 3463 viri
598 3405 675 3462 ferre
691 3404 774 3463 nullo
789 3405 880 3463 modo
897 3422 1030 3481 possem.
1074 3404 1134 3463 Sed
