2602 3864
109 248 111 252 ’
148 255 279 326 x11.43]
517 252 572 304 DE
597 250 799 304 Amrcrmn.
1060 253 1098 317 ¹7

149 424 241 485 locati
258 443 371 495 sumus,
386 431 419 482 ut
439 441 497 481 nos
518 421 608 499 longe
628 420 802 497 prospicere
823 429 963 498 oporteat
980 422 1099 480 futuros

148 540 239 582 casus
266 521 310 579 rei
344 519 493 596 publicae.
547 518 679 577 Dellexit
713 518 771 576 iam
809 518 1028 594 aliquantulum
1059 519 1099 577 de

149 618 248 694 spatio
262 617 472 692 curriculoque
486 617 674 674 consuetudo
686 614 840 674 maiorum.
879 616 925 674 Ti.
943 616 1100 674 Gracchus
1114 633 1148 689 41

149 733 275 792 regnum
300 731 450 790 occupare
475 724 603 772 conatus
626 722 681 784 est,
697 712 745 769 vel
769 712 906 789 regnavit
927 713 952 771 is
976 712 1099 788 quidem

149 830 264 888 paucos
288 829 418 870 menses.
463 811 544 868 Num
568 808 641 885 quid
666 809 763 868 simile
786 809 918 885 populus
939 811 1099 868 Romanus

150 907 288 967 audierat
309 916 361 966 aut
375 906 513 966 viderat?
556 907 650 965 Hunc
665 905 757 988 etiam
778 916 848 981 post
863 914 990 965 mortem
1002 903 1099 964 secuti

150 1003 239 1063 amici
260 1013 291 1063 et
311 1003 473 1080 propinqui
495 1002 567 1078 quid
588 1001 620 1060 in
642 1003 676 1060 P.
692 1001 834 1078 Scipione
853 1001 1017 1073 effecerint,
1033 1001 1099 1060 sine

150 1100 280 1160 lacrimis
295 1119 358 1160 non
372 1117 452 1177 queo
467 1100 576 1158 dicere.
613 1101 693 1157 Nam
710 1099 892 1169 Carbonem,
907 1116 1099 1174 quocumque

150 1197 241 1257 modo
258 1197 419 1274 potuimus,
434 1206 559 1274 propter
573 1206 726 1256 recentem
750 1215 880 1273 poenam
906 1197 953 1254 Ti.
968 1196 1108 1255 Gracchi*

150 1295 358 1355 sustinuimus.
384 1287 386 1291 ’
409 1294 456 1352 De
485 1295 521 1354 C.
549 1293 679 1353 Gracchi
712 1303 812 1352 autern
844 1293 999 1352 tribunatu
1026 1274 1259 1457 quidks

150 1401 324 1468 exspectem
341 1409 403 1450 uon
418 1390 492 1449 libet
506 1389 665 1467 augurari:
698 1390 791 1466 serpit
812 1390 922 1448 deinde
944 1408 1000 1462 res,
1020 1408 1099 1466 quae

149 1488 291 1564 proclivis
306 1488 346 1546 ad
360 1487 534 1564 perniciem,
552 1505 620 1545 cum
642 1487 735 1546 semel
757 1487 866 1564 coepit,
888 1487 1006 1547 labitur.
1026 1487 1101 1573 (va-

150 1584 229 1642 detis
249 1584 279 1642 in
301 1583 415 1643 tabella
437 1583 496 1642 iam
519 1593 590 1643 ante
611 1594 727 1660 quanta
742 1583 781 1643 sit
794 1584 877 1642 facta
891 1583 985 1657 labes,
1001 1583 1099 1660 primo

151 1677 283 1736 Gabinia
302 1677 378 1755 lege,
400 1677 523 1737 biennio
545 1689 644 1736 autern
666 1688 737 1754 post
752 1679 868 1738 Cassia.
911 1678 1023 1737 Videre
1039 1678 1098 1737 iam

150 1774 255 1832 videor
278 1774 424 1851 populum
449 1793 467 1833 a
490 1784 598 1834 senatu
623 1773 815 1847 disiunctum,
830 1774 1030 1834 multitudinis
1056 1793 1100 1832 ar·

67 1878 69 1881 ’
150 1869 240 1929 bitrio
261 1887 310 1929 res
332 1870 478 1930 maximas
496 1871 553 1948 agi.
596 1870 701 1929 Plures
717 1870 796 1929 enim
812 1871 937 1943 discent,
954 1890 1042 1947 quem
1059 1872 1098 1931 ad

150 1966 273 2025 modum
288 1967 363 2027 haec
375 1967 457 2042 fiant,
470 1987 561 2045 quam
576 1987 667 2045 quem
682 1967 854 2026 admodum
870 1968 917 2026 his
932 1969 1097 2028 resistatur.

150 2062 304 2136 Quorsum
326 2065 424 2125 haec?
465 2066 545 2140 Quia
567 2066 633 2125 sine
651 2065 742 2127 sociis
757 2084 846 2124 nemo
861 2064 1021 2141 quicquam
1037 2067 1098 2133 tale
1112 2086 1148 2140 42

149 2171 285 2222 conatur.
329 2163 578 2241 Praecipiendum
601 2172 648 2224 est
672 2163 762 2242 igitur
777 2162 875 2234 bonis,
891 2173 932 2235 ut,
947 2162 973 2220 si
988 2163 1019 2220 in
1033 2162 1098 2222 eius

149 2258 233 2318 modi
256 2260 403 2321 amicitias
426 2263 521 2340 ignari
544 2282 616 2322 casu
640 2263 742 2338 aliquo
764 2260 933 2333 inciderint,
949 2279 987 2320 ne
1002 2261 1101 2320 existi-

149 2366 233 2417 ment
254 2357 296 2417 ita
316 2377 349 2419 se
371 2360 520 2437 alligatos,
535 2370 567 2420 ut
588 2360 627 2419 ab
647 2360 751 2420 amicis
774 2360 804 2419 in
825 2379 935 2439 magna
949 2360 1050 2437 aliqua
1064 2379 1096 2419 re

138 2454 271 2538 'publica
298 2457 495 2533 peccantibus
524 2477 585 2517 non
608 2458 767 2518 discedant
778 2479 788 2533 3
822 2458 967 2535 improbis
995 2468 1096 2518 autem

148 2570 249 2628 poena
263 2554 424 2612 statuenda
438 2564 492 2623 est,
508 2573 564 2614 nec
578 2574 650 2614 vero
665 2557 762 2613 minor
775 2555 819 2614 eis
834 2556 885 2633 qui
900 2557 995 2616 secuti
1009 2567 1097 2616 erunt

149 2648 285 2721 alterurn,
311 2668 401 2724 quam
427 2651 471 2709 eis
499 2651 551 2728 qui
579 2651 636 2727 ipsi
661 2652 773 2712 luerint
800 2653 963 2730 impietatis
991 2655 1094 2715 duces.

148 2744 226 2817 Quis
251 2745 359 2804 clarior
381 2747 412 2804 in
437 2747 566 2806 Graecia
590 2748 804 2822 Themistocle,
828 2751 896 2826 quis
920 2752 1096 2828 potentiori

149 2840 210 2914 Qui
234 2861 302 2900 cum
327 2843 489 2920 imperator
513 2845 595 2905 bello
620 2845 743 2907 Persico
767 2848 911 2908 servitute
935 2851 1095 2910 Graeciam

148 2937 337 2998 liberavisset
360 2950 544 3018 propterque
569 2942 712 3002 invidiam
738 2943 768 3003 in
791 2946 928 3005 exsilium
951 2948 1094 3024 expulsus

148 3044 238 3107 esset,
263 3035 399 3112 ingratae
424 3038 540 3114 patriae
564 3038 703 3098 iniuriam
728 3059 789 3100 non
813 3043 890 3116 tulit,
911 3063 1000 3119 quam
1015 3046 1094 3103 terre

147 3130 269 3191 debuit:
298 3132 371 3191 fecit
385 3133 466 3192 idem
490 3134 573 3211 quod
597 3135 704 3213 viginti
727 3137 816 3197 annis
840 3150 911 3198 ante
936 3141 1017 3216 apud
1037 3159 1094 3201 nos

145 3228 261 3287 fecerat
276 3227 465 3289 Coriolanus.
503 3230 562 3290 His
577 3231 698 3291 adiutor
717 3242 824 3293 contra
844 3235 972 3312 patriam
993 3236 1095 3296 inven-

146 3334 196 3384 tus
220 3333 267 3384 est
291 3344 403 3399 nemo;
434 3326 535 3403 itaque
560 3338 687 3387 mortem
712 3329 770 3389 sibi
785 3341 911 3407 uterque
936 3333 1091 3394 conscivit.

146 3421 217 3496 Qua
238 3439 270 3480 re
296 3422 365 3481 talis
389 3423 592 3499 improborum
617 3425 779 3485 consensio
804 3446 866 3485 non
891 3428 982 3487 modo
1007 3447 1092 3489 excu·
1107 3449 1146 3510 43

1146 1460 1153 1499 l
