<?xml version="1.0" encoding="UTF-8"?>
<!DOCTYPE html PUBLIC "-//W3C//DTD XHTML 1.0 Transitional//EN"
    "http://www.w3.org/TR/xhtml1/DTD/xhtml1-transitional.dtd">
<html xmlns="http://www.w3.org/1999/xhtml" xml:lang="en" lang="en">
 <head>
  <title>
</title>
<meta http-equiv="Content-Type" content="text/html;charset=utf-8" />
  <meta name='ocr-system' content='tesseract 3.04.00' />
  <meta name='ocr-capabilities' content='ocr_page ocr_carea ocr_par ocr_line ocrx_word'/>
</head>
<body>
  <div class='ocr_page' id='page_1' title='image "./mtulliciceronis08cicegoog/mtulliciceronis08cicegoog_0024.png"; bbox 0 0 2602 3864; ppageno 0'>
   <div class='ocr_carea' id='block_1_1' title="bbox 155 253 1096 326">
    <p class='ocr_par' dir='ltr' id='par_1_1' title="bbox 155 253 1096 326">
     <span class='ocr_line' id='line_1_1' title="bbox 155 253 1096 326; baseline -0.001 -18"><span class='ocrx_word' id='word_1_1' title='bbox 155 255 204 309; x_wconf 77' lang='grc' dir='ltr'>ιν.</span> <span class='ocrx_word' id='word_1_2' title='bbox 221 253 266 326; x_wconf 87' lang='lat'>13]</span> <span class='ocrx_word' id='word_1_3' title='bbox 512 254 568 307; x_wconf 78' lang='lat' dir='ltr'>na</span> <span class='ocrx_word' id='word_1_4' title='bbox 593 253 796 308; x_wconf 71' lang='lat' dir='ltr'>aniciam.</span> <span class='ocrx_word' id='word_1_5' title='bbox 1080 257 1096 320; x_wconf 83' lang='lat'>5</span> 
     </span>
    </p>
   </div>
   <div class='ocr_carea' id='block_1_2' title="bbox 145 420 1162 3499">
    <p class='ocr_par' dir='ltr' id='par_1_2' title="bbox 145 420 1162 2727">
     <span class='ocr_line' id='line_1_2' title="bbox 151 420 1099 500; baseline -0.002 -18"><span class='ocrx_word' id='word_1_6' title='bbox 151 422 319 482; x_wconf 90' lang='lat' dir='ltr'>incredibili</span> <span class='ocrx_word' id='word_1_7' title='bbox 348 421 458 482; x_wconf 90' lang='lat' dir='ltr'>virtute</span> <span class='ocrx_word' id='word_1_8' title='bbox 486 422 639 499; x_wconf 90' lang='lat' dir='ltr'>superavit</span> <span class='ocrx_word' id='word_1_9' title='bbox 649 443 659 496; x_wconf 77' lang='lat'>3</span> <span class='ocrx_word' id='word_1_10' title='bbox 692 422 744 497; x_wconf 94' lang='lat' dir='ltr'>qui</span> <span class='ocrx_word' id='word_1_11' title='bbox 771 420 961 480; x_wconf 92' lang='lat' dir='ltr'>consulatum</span> <span class='ocrx_word' id='word_1_12' title='bbox 992 421 1099 500; x_wconf 90' lang='lat' dir='ltr'>petivit</span> 
     </span>
     <span class='ocr_line' id='line_1_3' title="bbox 151 520 1097 596; baseline 0 -18"><span class='ocrx_word' id='word_1_13' title='bbox 151 538 325 596; x_wconf 87' lang='lat' dir='ltr'>numquam,</span> <span class='ocrx_word' id='word_1_14' title='bbox 346 521 445 580; x_wconf 79' lang='lat' dir='ltr'>lactus</span> <span class='ocrx_word' id='word_1_15' title='bbox 466 520 572 578; x_wconf 93' lang='lat' dir='ltr'>consul</span> <span class='ocrx_word' id='word_1_16' title='bbox 588 530 634 578; x_wconf 89' lang='lat' dir='ltr'>est</span> <span class='ocrx_word' id='word_1_17' title='bbox 656 520 711 593; x_wconf 91' lang='lat' dir='ltr'>bis,</span> <span class='ocrx_word' id='word_1_18' title='bbox 726 520 855 596; x_wconf 87' lang='lat' dir='ltr'>primurn</span> <span class='ocrx_word' id='word_1_19' title='bbox 877 530 948 578; x_wconf 89' lang='lat' dir='ltr'>ante</span> <span class='ocrx_word' id='word_1_20' title='bbox 969 529 1097 595; x_wconf 91' lang='lat' dir='ltr'>tempus,</span> 
     </span>
     <span class='ocr_line' id='line_1_4' title="bbox 150 616 1099 693; baseline -0.001 -18"><span class='ocrx_word' id='word_1_21' title='bbox 150 616 257 676; x_wconf 92' lang='lat' dir='ltr'>iterum</span> <span class='ocrx_word' id='word_1_22' title='bbox 278 617 336 676; x_wconf 89' lang='lat' dir='ltr'>sibi</span> <span class='ocrx_word' id='word_1_23' title='bbox 357 635 413 676; x_wconf 93' lang='lat' dir='ltr'>suo</span> <span class='ocrx_word' id='word_1_24' title='bbox 428 628 572 693; x_wconf 87' lang='lat' dir='ltr'>ternpore,</span> <span class='ocrx_word' id='word_1_25' title='bbox 590 616 632 675; x_wconf 92' lang='lat' dir='ltr'>rei</span> <span class='ocrx_word' id='word_1_26' title='bbox 654 617 794 692; x_wconf 91' lang='lat' dir='ltr'>publicae</span> <span class='ocrx_word' id='word_1_27' title='bbox 814 634 912 692; x_wconf 91' lang='lat' dir='ltr'>paene</span> <span class='ocrx_word' id='word_1_28' title='bbox 933 634 1001 674; x_wconf 93' lang='lat' dir='ltr'>sero</span> <span class='ocrx_word' id='word_1_29' title='bbox 1011 638 1020 690; x_wconf 87' lang='lat'>;</span> <span class='ocrx_word' id='word_1_30' title='bbox 1047 617 1099 691; x_wconf 92' lang='lat' dir='ltr'>qui</span> 
     </span>
     <span class='ocr_line' id='line_1_5' title="bbox 150 712 1098 789; baseline 0 -17"><span class='ocrx_word' id='word_1_31' title='bbox 150 715 268 773; x_wconf 92' lang='lat' dir='ltr'>duabus</span> <span class='ocrx_word' id='word_1_32' title='bbox 282 713 408 773; x_wconf 89' lang='lat' dir='ltr'>urbibus</span> <span class='ocrx_word' id='word_1_33' title='bbox 425 714 542 772; x_wconf 89' lang='lat' dir='ltr'>eversis</span> <span class='ocrx_word' id='word_1_34' title='bbox 563 712 777 772; x_wconf 87' lang='lat' dir='ltr'>inimicissimis</span> <span class='ocrx_word' id='word_1_35' title='bbox 798 712 868 771; x_wconf 93' lang='lat' dir='ltr'>huic</span> <span class='ocrx_word' id='word_1_36' title='bbox 889 712 1015 789; x_wconf 90' lang='lat' dir='ltr'>imperio</span> <span class='ocrx_word' id='word_1_37' title='bbox 1036 732 1098 772; x_wconf 93' lang='lat' dir='ltr'>non</span> 
     </span>
     <span class='ocr_line' id='line_1_6' title="bbox 149 809 1097 886; baseline 0.003 -18"><span class='ocrx_word' id='word_1_38' title='bbox 149 810 241 869; x_wconf 91' lang='lat' dir='ltr'>modo</span> <span class='ocrx_word' id='word_1_39' title='bbox 269 810 450 886; x_wconf 88' lang='lat' dir='ltr'>praesentia,</span> <span class='ocrx_word' id='word_1_40' title='bbox 478 828 582 867; x_wconf 90' lang='lat' dir='ltr'>verum</span> <span class='ocrx_word' id='word_1_41' title='bbox 610 810 700 868; x_wconf 86' lang='lat' dir='ltr'>etiam</span> <span class='ocrx_word' id='word_1_42' title='bbox 729 811 831 869; x_wconf 81' lang='lat' dir='ltr'>lutura</span> <span class='ocrx_word' id='word_1_43' title='bbox 857 809 940 868; x_wconf 89' lang='lat' dir='ltr'>bella</span> <span class='ocrx_word' id='word_1_44' title='bbox 966 809 1097 871; x_wconf 83' lang='lat' dir='ltr'>delevit?</span> 
     </span>
     <span class='ocr_line' id='line_1_7' title="bbox 149 904 1098 981; baseline 0 -18"><span class='ocrx_word' id='word_1_45' title='bbox 149 905 230 979; x_wconf 91' lang='lat' dir='ltr'>Quid</span> <span class='ocrx_word' id='word_1_46' title='bbox 254 905 353 964; x_wconf 88' lang='lat' dir='ltr'>dicam</span> <span class='ocrx_word' id='word_1_47' title='bbox 378 905 417 963; x_wconf 93' lang='lat' dir='ltr'>de</span> <span class='ocrx_word' id='word_1_48' title='bbox 442 904 575 963; x_wconf 89' lang='lat' dir='ltr'>moribus</span> <span class='ocrx_word' id='word_1_49' title='bbox 599 904 759 977; x_wconf 83' lang='lat' dir='ltr'>facillimis,</span> <span class='ocrx_word' id='word_1_50' title='bbox 782 905 820 963; x_wconf 93' lang='lat' dir='ltr'>de</span> <span class='ocrx_word' id='word_1_51' title='bbox 845 905 958 981; x_wconf 88' lang='lat' dir='ltr'>pietate</span> <span class='ocrx_word' id='word_1_52' title='bbox 981 904 1012 962; x_wconf 93' lang='lat' dir='ltr'>in</span> <span class='ocrx_word' id='word_1_53' title='bbox 1037 923 1098 963; x_wconf 91' lang='lat' dir='ltr'>ma-</span> 
     </span>
     <span class='ocr_line' id='line_1_8' title="bbox 148 1000 1097 1074; baseline 0 -13"><span class='ocrx_word' id='word_1_54' title='bbox 148 1012 233 1074; x_wconf 89' lang='lat' dir='ltr'>trem,</span> <span class='ocrx_word' id='word_1_55' title='bbox 249 1002 430 1061; x_wconf 84' lang='lat' dir='ltr'>liberalitate</span> <span class='ocrx_word' id='word_1_56' title='bbox 450 1002 480 1059; x_wconf 91' lang='lat' dir='ltr'>in</span> <span class='ocrx_word' id='word_1_57' title='bbox 497 1020 625 1074; x_wconf 90' lang='lat' dir='ltr'>sorores,</span> <span class='ocrx_word' id='word_1_58' title='bbox 640 1000 777 1061; x_wconf 91' lang='lat' dir='ltr'>bonitate</span> <span class='ocrx_word' id='word_1_59' title='bbox 791 1002 822 1060; x_wconf 93' lang='lat' dir='ltr'>in</span> <span class='ocrx_word' id='word_1_60' title='bbox 837 1021 918 1074; x_wconf 92' lang='lat' dir='ltr'>suos,</span> <span class='ocrx_word' id='word_1_61' title='bbox 933 1001 1048 1061; x_wconf 89' lang='lat' dir='ltr'>iustitia</span> <span class='ocrx_word' id='word_1_62' title='bbox 1065 1003 1097 1061; x_wconf 93' lang='lat' dir='ltr'>in</span> 
     </span>
     <span class='ocr_line' id='line_1_9' title="bbox 148 1098 1096 1170; baseline 0 -12"><span class='ocrx_word' id='word_1_63' title='bbox 148 1099 266 1158; x_wconf 76' lang='lat' dir='ltr'>omnis?</span> <span class='ocrx_word' id='word_1_64' title='bbox 306 1100 391 1157; x_wconf 88' lang='lat' dir='ltr'>Nota</span> <span class='ocrx_word' id='word_1_65' title='bbox 411 1108 482 1157; x_wconf 93' lang='lat' dir='ltr'>sunt</span> <span class='ocrx_word' id='word_1_66' title='bbox 496 1098 592 1157; x_wconf 90' lang='lat' dir='ltr'>vobis.</span> <span class='ocrx_word' id='word_1_67' title='bbox 635 1098 736 1170; x_wconf 92' lang='lat' dir='ltr'>Quam</span> <span class='ocrx_word' id='word_1_68' title='bbox 758 1109 858 1158; x_wconf 89' lang='lat' dir='ltr'>autern</span> <span class='ocrx_word' id='word_1_69' title='bbox 880 1098 994 1157; x_wconf 90' lang='lat' dir='ltr'>civitati</span> <span class='ocrx_word' id='word_1_70' title='bbox 1008 1117 1096 1158; x_wconf 88' lang='lat' dir='ltr'>carus</span> 
     </span>
     <span class='ocr_line' id='line_1_10' title="bbox 146 1194 1095 1272; baseline 0.001 -19"><span class='ocrx_word' id='word_1_71' title='bbox 146 1196 247 1268; x_wconf 84' lang='lat' dir='ltr'>fuerit,</span> <span class='ocrx_word' id='word_1_72' title='bbox 258 1214 393 1255; x_wconf 90' lang='lat' dir='ltr'>maerore</span> <span class='ocrx_word' id='word_1_73' title='bbox 408 1196 523 1254; x_wconf 85' lang='lat' dir='ltr'>funeris</span> <span class='ocrx_word' id='word_1_74' title='bbox 534 1194 698 1253; x_wconf 89' lang='lat' dir='ltr'>indicatum</span> <span class='ocrx_word' id='word_1_75' title='bbox 714 1205 770 1253; x_wconf 89' lang='lat' dir='ltr'>est.</span> <span class='ocrx_word' id='word_1_76' title='bbox 813 1195 896 1267; x_wconf 90' lang='lat' dir='ltr'>Quid</span> <span class='ocrx_word' id='word_1_77' title='bbox 911 1195 1001 1272; x_wconf 84' lang='lat' dir='ltr'>igitur</span> <span class='ocrx_word' id='word_1_78' title='bbox 1014 1196 1095 1254; x_wconf 95' lang='lat' dir='ltr'>hunc</span> 
     </span>
     <span class='ocr_line' id='line_1_11' title="bbox 146 1291 1097 1368; baseline 0.002 -18"><span class='ocrx_word' id='word_1_79' title='bbox 146 1311 310 1368; x_wconf 87' lang='lat' dir='ltr'>paucorum</span> <span class='ocrx_word' id='word_1_80' title='bbox 326 1311 472 1350; x_wconf 90' lang='lat' dir='ltr'>annorum</span> <span class='ocrx_word' id='word_1_81' title='bbox 495 1291 630 1350; x_wconf 90' lang='lat' dir='ltr'>accessio</span> <span class='ocrx_word' id='word_1_82' title='bbox 652 1291 754 1350; x_wconf 91' lang='lat' dir='ltr'>iuvare</span> <span class='ocrx_word' id='word_1_83' title='bbox 775 1292 945 1368; x_wconf 87' lang='lat' dir='ltr'>potuisset?</span> <span class='ocrx_word' id='word_1_84' title='bbox 988 1293 1097 1352; x_wconf 90' lang='lat' dir='ltr'>Senec-</span> 
     </span>
     <span class='ocr_line' id='line_1_12' title="bbox 147 1387 1094 1465; baseline 0 -18"><span class='ocrx_word' id='word_1_85' title='bbox 147 1399 195 1447; x_wconf 92' lang='lat' dir='ltr'>tus</span> <span class='ocrx_word' id='word_1_86' title='bbox 216 1389 296 1447; x_wconf 92' lang='lat' dir='ltr'>enim</span> <span class='ocrx_word' id='word_1_87' title='bbox 318 1388 455 1465; x_wconf 92' lang='lat' dir='ltr'>quamvis</span> <span class='ocrx_word' id='word_1_88' title='bbox 477 1408 538 1447; x_wconf 96' lang='lat' dir='ltr'>non</span> <span class='ocrx_word' id='word_1_89' title='bbox 562 1388 601 1447; x_wconf 92' lang='lat' dir='ltr'>sit</span> <span class='ocrx_word' id='word_1_90' title='bbox 622 1388 730 1464; x_wconf 79' lang='lat' dir='ltr'>graviS,</span> <span class='ocrx_word' id='word_1_91' title='bbox 747 1398 780 1447; x_wconf 93' lang='lat' dir='ltr'>ut</span> <span class='ocrx_word' id='word_1_92' title='bbox 800 1387 923 1447; x_wconf 90' lang='lat' dir='ltr'>memini</span> <span class='ocrx_word' id='word_1_93' title='bbox 945 1389 1094 1448; x_wconf 89' lang='lat' dir='ltr'>Catonem</span> 
     </span>
     <span class='ocr_line' id='line_1_13' title="bbox 147 1485 1095 1562; baseline 0 -19"><span class='ocrx_word' id='word_1_94' title='bbox 147 1504 227 1543; x_wconf 92' lang='lat' dir='ltr'>anno</span> <span class='ocrx_word' id='word_1_95' title='bbox 242 1495 321 1557; x_wconf 91' lang='lat' dir='ltr'>ante,</span> <span class='ocrx_word' id='word_1_96' title='bbox 338 1504 428 1560; x_wconf 89' lang='lat' dir='ltr'>quarn</span> <span class='ocrx_word' id='word_1_97' title='bbox 444 1495 492 1542; x_wconf 93' lang='lat' dir='ltr'>est</span> <span class='ocrx_word' id='word_1_98' title='bbox 510 1494 655 1557; x_wconf 91' lang='lat' dir='ltr'>mortuus,</span> <span class='ocrx_word' id='word_1_99' title='bbox 671 1502 789 1542; x_wconf 91' lang='lat' dir='ltr'>mecum</span> <span class='ocrx_word' id='word_1_100' title='bbox 810 1494 841 1543; x_wconf 88' lang='lat' dir='ltr'>et</span> <span class='ocrx_word' id='word_1_101' title='bbox 862 1504 930 1542; x_wconf 88' lang='lat' dir='ltr'>curn</span> <span class='ocrx_word' id='word_1_102' title='bbox 953 1485 1095 1562; x_wconf 91' lang='lat' dir='ltr'>Scipione</span> 
     </span>
     <span class='ocr_line' id='line_1_14' title="bbox 146 1581 1094 1659; baseline 0 -19"><span class='ocrx_word' id='word_1_103' title='bbox 146 1582 304 1654; x_wconf 88' lang='lat' dir='ltr'>disserere,</span> <span class='ocrx_word' id='word_1_104' title='bbox 326 1592 428 1641; x_wconf 92' lang='lat' dir='ltr'>tamen</span> <span class='ocrx_word' id='word_1_105' title='bbox 450 1583 547 1640; x_wconf 82' lang='lat' dir='ltr'>aufert</span> <span class='ocrx_word' id='word_1_106' title='bbox 568 1599 636 1639; x_wconf 91' lang='lat' dir='ltr'>earn</span> <span class='ocrx_word' id='word_1_107' title='bbox 657 1582 848 1659; x_wconf 55' lang='lat' dir='ltr'>viruiitatem,</span> <span class='ocrx_word' id='word_1_108' title='bbox 870 1582 900 1640; x_wconf 93' lang='lat' dir='ltr'>in</span> <span class='ocrx_word' id='word_1_109' title='bbox 922 1601 982 1657; x_wconf 92' lang='lat' dir='ltr'>qua</span> <span class='ocrx_word' id='word_1_110' title='bbox 1003 1581 1094 1640; x_wconf 88' lang='lat' dir='ltr'>etiam</span> 
     </span>
     <span class='ocr_line' id='line_1_15' title="bbox 147 1677 1146 1754; baseline 0.002 -18"><span class='ocrx_word' id='word_1_111' title='bbox 147 1696 227 1736; x_wconf 91' lang='lat' dir='ltr'>nunc</span> <span class='ocrx_word' id='word_1_112' title='bbox 242 1689 306 1737; x_wconf 89' lang='lat' dir='ltr'>erat</span> <span class='ocrx_word' id='word_1_113' title='bbox 322 1678 432 1754; x_wconf 91' lang='lat' dir='ltr'>Scipio.</span> <span class='ocrx_word' id='word_1_114' title='bbox 474 1678 573 1750; x_wconf 91' lang='lat' dir='ltr'>Quam</span> <span class='ocrx_word' id='word_1_115' title='bbox 596 1677 636 1736; x_wconf 95' lang='lat' dir='ltr'>ob</span> <span class='ocrx_word' id='word_1_116' title='bbox 651 1697 712 1736; x_wconf 91' lang='lat' dir='ltr'>rem</span> <span class='ocrx_word' id='word_1_117' title='bbox 728 1679 791 1736; x_wconf 90' lang='lat' dir='ltr'>vita</span> <span class='ocrx_word' id='word_1_118' title='bbox 805 1679 926 1754; x_wconf 90' lang='lat' dir='ltr'>quidem</span> <span class='ocrx_word' id='word_1_119' title='bbox 947 1678 1017 1738; x_wconf 89' lang='lat' dir='ltr'>talis</span> <span class='ocrx_word' id='word_1_120' title='bbox 1037 1679 1095 1738; x_wconf 85' lang='lat' dir='ltr'>luit</span> <span class='ocrx_word' id='word_1_121' title='bbox 1112 1699 1146 1738; x_wconf 85' lang='lat'>12</span> 
     </span>
     <span class='ocr_line' id='line_1_16' title="bbox 145 1775 1095 1852; baseline 0.001 -19"><span class='ocrx_word' id='word_1_122' title='bbox 145 1775 194 1833; x_wconf 92' lang='lat' dir='ltr'>vel</span> <span class='ocrx_word' id='word_1_123' title='bbox 215 1777 337 1834; x_wconf 75' lang='lat' dir='ltr'>fortuna</span> <span class='ocrx_word' id='word_1_124' title='bbox 351 1775 397 1833; x_wconf 93' lang='lat' dir='ltr'>vel</span> <span class='ocrx_word' id='word_1_125' title='bbox 419 1775 523 1852; x_wconf 88' lang='lat' dir='ltr'>gloria,</span> <span class='ocrx_word' id='word_1_126' title='bbox 546 1785 579 1833; x_wconf 89' lang='lat' dir='ltr'>ut</span> <span class='ocrx_word' id='word_1_127' title='bbox 600 1775 673 1832; x_wconf 90' lang='lat' dir='ltr'>nibil</span> <span class='ocrx_word' id='word_1_128' title='bbox 695 1785 800 1851; x_wconf 90' lang='lat' dir='ltr'>posset</span> <span class='ocrx_word' id='word_1_129' title='bbox 821 1776 984 1848; x_wconf 73' lang='lat' dir='ltr'>accedere,</span> <span class='ocrx_word' id='word_1_130' title='bbox 1008 1776 1095 1835; x_wconf 90' lang='lat' dir='ltr'>mori-</span> 
     </span>
     <span class='ocr_line' id='line_1_17' title="bbox 147 1871 1092 1948; baseline 0.001 -18"><span class='ocrx_word' id='word_1_131' title='bbox 147 1871 218 1930; x_wconf 93' lang='lat' dir='ltr'>endi</span> <span class='ocrx_word' id='word_1_132' title='bbox 233 1882 332 1930; x_wconf 90' lang='lat' dir='ltr'>autem</span> <span class='ocrx_word' id='word_1_133' title='bbox 348 1890 470 1930; x_wconf 90' lang='lat' dir='ltr'>sensum</span> <span class='ocrx_word' id='word_1_134' title='bbox 493 1871 632 1930; x_wconf 84' lang='lat' dir='ltr'>celeritas</span> <span class='ocrx_word' id='word_1_135' title='bbox 654 1871 787 1930; x_wconf 87' lang='lat' dir='ltr'>abstulit.</span> <span class='ocrx_word' id='word_1_136' title='bbox 831 1872 901 1945; x_wconf 88' lang='lat' dir='ltr'>Quo</span> <span class='ocrx_word' id='word_1_137' title='bbox 922 1871 961 1929; x_wconf 94' lang='lat' dir='ltr'>de</span> <span class='ocrx_word' id='word_1_138' title='bbox 982 1890 1092 1948; x_wconf 88' lang='lat' dir='ltr'>genere</span> 
     </span>
     <span class='ocr_line' id='line_1_18' title="bbox 146 1968 1094 2043; baseline 0.001 -17"><span class='ocrx_word' id='word_1_139' title='bbox 146 1969 251 2027; x_wconf 91' lang='lat' dir='ltr'>mortis</span> <span class='ocrx_word' id='word_1_140' title='bbox 279 1968 400 2026; x_wconf 91' lang='lat' dir='ltr'>difficile</span> <span class='ocrx_word' id='word_1_141' title='bbox 428 1968 511 2026; x_wconf 90' lang='lat' dir='ltr'>dictu</span> <span class='ocrx_word' id='word_1_142' title='bbox 539 1977 604 2041; x_wconf 89' lang='lat' dir='ltr'>est;</span> <span class='ocrx_word' id='word_1_143' title='bbox 636 1968 708 2043; x_wconf 92' lang='lat' dir='ltr'>quid</span> <span class='ocrx_word' id='word_1_144' title='bbox 736 1969 874 2026; x_wconf 90' lang='lat' dir='ltr'>homines</span> <span class='ocrx_word' id='word_1_145' title='bbox 902 1968 1094 2043; x_wconf 90' lang='lat' dir='ltr'>suspicentur</span> 
     </span>
     <span class='ocr_line' id='line_1_19' title="bbox 145 2062 1094 2139; baseline 0.001 -18"><span class='ocrx_word' id='word_1_146' title='bbox 145 2063 272 2121; x_wconf 90' lang='lat' dir='ltr'>videtis:</span> <span class='ocrx_word' id='word_1_147' title='bbox 303 2064 362 2121; x_wconf 94' lang='lat' dir='ltr'>hoc</span> <span class='ocrx_word' id='word_1_148' title='bbox 386 2080 456 2120; x_wconf 90' lang='lat' dir='ltr'>vere</span> <span class='ocrx_word' id='word_1_149' title='bbox 484 2072 587 2121; x_wconf 91' lang='lat' dir='ltr'>tamen</span> <span class='ocrx_word' id='word_1_150' title='bbox 614 2062 685 2121; x_wconf 92' lang='lat' dir='ltr'>licet</span> <span class='ocrx_word' id='word_1_151' title='bbox 706 2063 816 2135; x_wconf 88' lang='lat' dir='ltr'>dicere,</span> <span class='ocrx_word' id='word_1_152' title='bbox 839 2066 872 2124; x_wconf 83' lang='lat' dir='ltr'>P.</span> <span class='ocrx_word' id='word_1_153' title='bbox 897 2063 1030 2139; x_wconf 90' lang='lat' dir='ltr'>Scipioni</span> <span class='ocrx_word' id='word_1_154' title='bbox 1056 2082 1094 2122; x_wconf 84' lang='lat' dir='ltr'>ex</span> 
     </span>
     <span class='ocr_line' id='line_1_20' title="bbox 146 2159 1156 2240; baseline 0.007 -23"><span class='ocrx_word' id='word_1_155' title='bbox 146 2160 248 2218; x_wconf 89' lang='lat' dir='ltr'>multis</span> <span class='ocrx_word' id='word_1_156' title='bbox 270 2159 386 2232; x_wconf 92' lang='lat' dir='ltr'>diebus,</span> <span class='ocrx_word' id='word_1_157' title='bbox 401 2179 478 2236; x_wconf 92' lang='lat' dir='ltr'>quos</span> <span class='ocrx_word' id='word_1_158' title='bbox 492 2159 523 2217; x_wconf 93' lang='lat' dir='ltr'>in</span> <span class='ocrx_word' id='word_1_159' title='bbox 538 2159 600 2218; x_wconf 89' lang='lat' dir='ltr'>vita</span> <span class='ocrx_word' id='word_1_160' title='bbox 617 2160 829 2221; x_wconf 90' lang='lat' dir='ltr'>celeberrimos</span> <span class='ocrx_word' id='word_1_161' title='bbox 851 2162 1093 2240; x_wconf 90' lang='lat' dir='ltr'>laetissimosque</span> <span class='ocrx_word' id='word_1_162' title='bbox 1153 2166 1156 2175; x_wconf 93' lang='lat'>&#39;</span> 
     </span>
     <span class='ocr_line' id='line_1_21' title="bbox 145 2256 1162 2331; baseline 0.005 -16"><span class='ocrx_word' id='word_1_163' title='bbox 145 2256 262 2329; x_wconf 85' lang='lat' dir='ltr'>viderit,</span> <span class='ocrx_word' id='word_1_164' title='bbox 284 2256 367 2316; x_wconf 91' lang='lat' dir='ltr'>illurn</span> <span class='ocrx_word' id='word_1_165' title='bbox 382 2257 461 2316; x_wconf 88' lang='lat' dir='ltr'>diem</span> <span class='ocrx_word' id='word_1_166' title='bbox 484 2256 681 2317; x_wconf 90' lang='lat' dir='ltr'>clarissimum</span> <span class='ocrx_word' id='word_1_167' title='bbox 701 2257 804 2331; x_wconf 89' lang='lat' dir='ltr'>luisse,</span> <span class='ocrx_word' id='word_1_168' title='bbox 826 2278 895 2319; x_wconf 93' lang='lat' dir='ltr'>cum</span> <span class='ocrx_word' id='word_1_169' title='bbox 917 2271 1025 2320; x_wconf 91' lang='lat' dir='ltr'>senatu</span> <span class='ocrx_word' id='word_1_170' title='bbox 1046 2261 1090 2319; x_wconf 93' lang='lat' dir='ltr'>di·</span> <span class='ocrx_word' id='word_1_171' title='bbox 1159 2323 1162 2328; x_wconf 72' lang='grc'><em>,</em></span> 
     </span>
     <span class='ocr_line' id='line_1_22' title="bbox 146 2353 1094 2435; baseline 0.005 -22"><span class='ocrx_word' id='word_1_172' title='bbox 146 2353 239 2414; x_wconf 92' lang='lat' dir='ltr'>misso</span> <span class='ocrx_word' id='word_1_173' title='bbox 253 2354 374 2413; x_wconf 88' lang='lat' dir='ltr'>domurn</span> <span class='ocrx_word' id='word_1_174' title='bbox 387 2355 529 2414; x_wconf 90' lang='lat' dir='ltr'>reductus</span> <span class='ocrx_word' id='word_1_175' title='bbox 544 2365 590 2414; x_wconf 91' lang='lat' dir='ltr'>est</span> <span class='ocrx_word' id='word_1_176' title='bbox 609 2356 648 2414; x_wconf 88' lang='lat' dir='ltr'>ad</span> <span class='ocrx_word' id='word_1_177' title='bbox 662 2361 820 2434; x_wconf 87' lang='lat' dir='ltr'>vesperum</span> <span class='ocrx_word' id='word_1_178' title='bbox 836 2377 854 2416; x_wconf 91' lang='lat' dir='ltr'>a</span> <span class='ocrx_word' id='word_1_179' title='bbox 868 2358 1005 2435; x_wconf 90' lang='lat' dir='ltr'>patribus</span> <span class='ocrx_word' id='word_1_180' title='bbox 1024 2378 1094 2418; x_wconf 91' lang='lat' dir='ltr'>con-</span> 
     </span>
     <span class='ocr_line' id='line_1_23' title="bbox 146 2451 1092 2535; baseline 0.005 -25"><span class='ocrx_word' id='word_1_181' title='bbox 146 2451 274 2529; x_wconf 92' lang='lat' dir='ltr'>scriptis,</span> <span class='ocrx_word' id='word_1_182' title='bbox 288 2454 402 2529; x_wconf 91' lang='lat' dir='ltr'>populo</span> <span class='ocrx_word' id='word_1_183' title='bbox 421 2454 571 2527; x_wconf 91' lang='lat' dir='ltr'>Romano,</span> <span class='ocrx_word' id='word_1_184' title='bbox 586 2454 677 2514; x_wconf 93' lang='lat' dir='ltr'>sociis</span> <span class='ocrx_word' id='word_1_185' title='bbox 698 2465 729 2514; x_wconf 90' lang='lat' dir='ltr'>et</span> <span class='ocrx_word' id='word_1_186' title='bbox 750 2455 875 2529; x_wconf 93' lang='lat' dir='ltr'>Latinis,</span> <span class='ocrx_word' id='word_1_187' title='bbox 891 2456 987 2533; x_wconf 91' lang='lat' dir='ltr'>pridie</span> <span class='ocrx_word' id='word_1_188' title='bbox 1002 2476 1092 2535; x_wconf 92' lang='lat' dir='ltr'>quam</span> 
     </span>
     <span class='ocr_line' id='line_1_24' title="bbox 146 2549 1093 2632; baseline 0.006 -24"><span class='ocrx_word' id='word_1_189' title='bbox 146 2549 276 2609; x_wconf 84' lang='lat' dir='ltr'>excessit</span> <span class='ocrx_word' id='word_1_190' title='bbox 290 2568 307 2609; x_wconf 92' lang='lat' dir='ltr'>e</span> <span class='ocrx_word' id='word_1_191' title='bbox 321 2550 391 2623; x_wconf 89' lang='lat' dir='ltr'>vita,</span> <span class='ocrx_word' id='word_1_192' title='bbox 407 2560 440 2610; x_wconf 94' lang='lat' dir='ltr'>ut</span> <span class='ocrx_word' id='word_1_193' title='bbox 454 2570 491 2609; x_wconf 84' lang='lat' dir='ltr'>ex</span> <span class='ocrx_word' id='word_1_194' title='bbox 505 2562 567 2610; x_wconf 89' lang='lat' dir='ltr'>tam</span> <span class='ocrx_word' id='word_1_195' title='bbox 583 2553 644 2611; x_wconf 93' lang='lat' dir='ltr'>alto</span> <span class='ocrx_word' id='word_1_196' title='bbox 660 2552 814 2630; x_wconf 88' lang='lat' dir='ltr'>dignitatis</span> <span class='ocrx_word' id='word_1_197' title='bbox 832 2554 929 2632; x_wconf 85' lang='lat' dir='ltr'>gradu</span> <span class='ocrx_word' id='word_1_198' title='bbox 948 2554 987 2613; x_wconf 91' lang='lat' dir='ltr'>ad</span> <span class='ocrx_word' id='word_1_199' title='bbox 1007 2574 1093 2632; x_wconf 91' lang='lat' dir='ltr'>supe·</span> 
     </span>
     <span class='ocr_line' id='line_1_25' title="bbox 145 2645 1038 2727; baseline 0.007 -23"><span class='ocrx_word' id='word_1_200' title='bbox 145 2663 196 2705; x_wconf 90' lang='lat' dir='ltr'>ros</span> <span class='ocrx_word' id='word_1_201' title='bbox 210 2645 348 2705; x_wconf 88' lang='lat' dir='ltr'>videatur</span> <span class='ocrx_word' id='word_1_202' title='bbox 362 2646 436 2705; x_wconf 90' lang='lat' dir='ltr'>deos</span> <span class='ocrx_word' id='word_1_203' title='bbox 451 2646 552 2723; x_wconf 88' lang='lat' dir='ltr'>potius</span> <span class='ocrx_word' id='word_1_204' title='bbox 567 2667 657 2723; x_wconf 88' lang='lat' dir='ltr'>quarn</span> <span class='ocrx_word' id='word_1_205' title='bbox 673 2648 712 2707; x_wconf 90' lang='lat' dir='ltr'>ad</span> <span class='ocrx_word' id='word_1_206' title='bbox 727 2648 840 2709; x_wconf 85' lang='lat' dir='ltr'>inieros</span> <span class='ocrx_word' id='word_1_207' title='bbox 854 2652 1038 2727; x_wconf 87' lang='lat' dir='ltr'>pervenisse.</span> 
     </span>
    </p>

    <p class='ocr_par' dir='ltr' id='par_1_3' title="bbox 145 2743 1143 3499">
     <span class='ocr_line' id='line_1_26' title="bbox 185 2743 1143 2825; baseline 0.008 -25"><span class='ocrx_word' id='word_1_208' title='bbox 185 2744 239 2801; x_wconf 90' lang='lat' dir='ltr'>IV.</span> <span class='ocrx_word' id='word_1_209' title='bbox 281 2745 391 2818; x_wconf 90' lang='lat' dir='ltr'>Neque</span> <span class='ocrx_word' id='word_1_210' title='bbox 405 2743 485 2802; x_wconf 87' lang='lat' dir='ltr'>enirn</span> <span class='ocrx_word' id='word_1_211' title='bbox 506 2745 661 2803; x_wconf 87' lang='lat' dir='ltr'>adsentior</span> <span class='ocrx_word' id='word_1_212' title='bbox 681 2745 733 2818; x_wconf 94' lang='lat' dir='ltr'>eis,</span> <span class='ocrx_word' id='word_1_213' title='bbox 750 2746 801 2822; x_wconf 94' lang='lat' dir='ltr'>qui</span> <span class='ocrx_word' id='word_1_214' title='bbox 823 2766 919 2823; x_wconf 88' lang='lat' dir='ltr'>nuper</span> <span class='ocrx_word' id='word_1_215' title='bbox 939 2749 1014 2807; x_wconf 93' lang='lat' dir='ltr'>haec</span> <span class='ocrx_word' id='word_1_216' title='bbox 1035 2748 1094 2808; x_wconf 90' lang='lat' dir='ltr'>dis·</span> <span class='ocrx_word' id='word_1_217' title='bbox 1111 2769 1143 2825; x_wconf 84' lang='lat'>13</span> 
     </span>
     <span class='ocr_line' id='line_1_27' title="bbox 146 2842 1093 2917; baseline 0.006 -19"><span class='ocrx_word' id='word_1_218' title='bbox 146 2857 245 2899; x_wconf 86' lang='lat' dir='ltr'>serere</span> <span class='ocrx_word' id='word_1_219' title='bbox 260 2851 434 2917; x_wconf 88' lang='lat' dir='ltr'>coeperunt,</span> <span class='ocrx_word' id='word_1_220' title='bbox 449 2859 517 2900; x_wconf 92' lang='lat' dir='ltr'>cum</span> <span class='ocrx_word' id='word_1_221' title='bbox 533 2842 709 2917; x_wconf 89' lang='lat' dir='ltr'>corporibus</span> <span class='ocrx_word' id='word_1_222' title='bbox 724 2843 812 2902; x_wconf 90' lang='lat' dir='ltr'>simul</span> <span class='ocrx_word' id='word_1_223' title='bbox 834 2844 951 2904; x_wconf 90' lang='lat' dir='ltr'>animos</span> <span class='ocrx_word' id='word_1_224' title='bbox 972 2845 1093 2904; x_wconf 89' lang='lat' dir='ltr'>interire</span> 
     </span>
     <span class='ocr_line' id='line_1_28' title="bbox 147 2937 1093 3018; baseline 0.006 -23"><span class='ocrx_word' id='word_1_225' title='bbox 147 2946 237 3012; x_wconf 91' lang='lat' dir='ltr'>atque</span> <span class='ocrx_word' id='word_1_226' title='bbox 251 2937 354 2994; x_wconf 89' lang='lat' dir='ltr'>omnia</span> <span class='ocrx_word' id='word_1_227' title='bbox 371 2946 467 2996; x_wconf 90' lang='lat' dir='ltr'>morte</span> <span class='ocrx_word' id='word_1_228' title='bbox 489 2938 591 2996; x_wconf 89' lang='lat' dir='ltr'>deleri.</span> <span class='ocrx_word' id='word_1_229' title='bbox 635 2939 707 2998; x_wconf 90' lang='lat' dir='ltr'>Plus</span> <span class='ocrx_word' id='word_1_230' title='bbox 729 2940 809 3016; x_wconf 92' lang='lat' dir='ltr'>apud</span> <span class='ocrx_word' id='word_1_231' title='bbox 832 2960 879 2999; x_wconf 91' lang='lat' dir='ltr'>me</span> <span class='ocrx_word' id='word_1_232' title='bbox 901 2942 1093 3018; x_wconf 90' lang='lat' dir='ltr'>antiquorum</span> 
     </span>
     <span class='ocr_line' id='line_1_29' title="bbox 147 3033 1093 3114; baseline 0.007 -22"><span class='ocrx_word' id='word_1_233' title='bbox 147 3033 310 3093; x_wconf 89' lang='lat' dir='ltr'>auctoritas</span> <span class='ocrx_word' id='word_1_234' title='bbox 333 3034 422 3107; x_wconf 86' lang='lat' dir='ltr'>valet,</span> <span class='ocrx_word' id='word_1_235' title='bbox 448 3035 496 3093; x_wconf 93' lang='lat' dir='ltr'>vel</span> <span class='ocrx_word' id='word_1_236' title='bbox 520 3046 691 3095; x_wconf 90' lang='lat' dir='ltr'>nostrorum</span> <span class='ocrx_word' id='word_1_237' title='bbox 715 3038 870 3106; x_wconf 89' lang='lat' dir='ltr'>maiorum,</span> <span class='ocrx_word' id='word_1_238' title='bbox 893 3039 944 3114; x_wconf 93' lang='lat' dir='ltr'>qui</span> <span class='ocrx_word' id='word_1_239' title='bbox 967 3040 1093 3099; x_wconf 91' lang='lat' dir='ltr'>mortuis</span> 
     </span>
     <span class='ocr_line' id='line_1_30' title="bbox 146 3130 1094 3211; baseline 0.008 -24"><span class='ocrx_word' id='word_1_240' title='bbox 146 3139 206 3188; x_wconf 90' lang='lat' dir='ltr'>tam</span> <span class='ocrx_word' id='word_1_241' title='bbox 231 3130 371 3208; x_wconf 88' lang='lat' dir='ltr'>religiosa</span> <span class='ocrx_word' id='word_1_242' title='bbox 390 3130 458 3190; x_wconf 90' lang='lat' dir='ltr'>iura</span> <span class='ocrx_word' id='word_1_243' title='bbox 480 3131 655 3205; x_wconf 88' lang='lat' dir='ltr'>tribuerunt,</span> <span class='ocrx_word' id='word_1_244' title='bbox 671 3134 754 3209; x_wconf 93' lang='lat' dir='ltr'>quod</span> <span class='ocrx_word' id='word_1_245' title='bbox 777 3153 837 3193; x_wconf 94' lang='lat' dir='ltr'>non</span> <span class='ocrx_word' id='word_1_246' title='bbox 861 3135 1005 3195; x_wconf 79' lang='lat' dir='ltr'>fecissent</span> <span class='ocrx_word' id='word_1_247' title='bbox 1028 3155 1094 3211; x_wconf 91' lang='lat' dir='ltr'>pro·</span> 
     </span>
     <span class='ocr_line' id='line_1_31' title="bbox 145 3224 1093 3303; baseline 0.006 -21"><span class='ocrx_word' id='word_1_248' title='bbox 145 3224 235 3297; x_wconf 85' lang='lat' dir='ltr'>lecto,</span> <span class='ocrx_word' id='word_1_249' title='bbox 251 3224 277 3283; x_wconf 92' lang='lat' dir='ltr'>si</span> <span class='ocrx_word' id='word_1_250' title='bbox 292 3225 364 3283; x_wconf 92' lang='lat' dir='ltr'>nihil</span> <span class='ocrx_word' id='word_1_251' title='bbox 383 3225 421 3284; x_wconf 92' lang='lat' dir='ltr'>ad</span> <span class='ocrx_word' id='word_1_252' title='bbox 443 3244 496 3285; x_wconf 93' lang='lat' dir='ltr'>eos</span> <span class='ocrx_word' id='word_1_253' title='bbox 510 3226 660 3303; x_wconf 90' lang='lat' dir='ltr'>pertinere</span> <span class='ocrx_word' id='word_1_254' title='bbox 682 3228 904 3302; x_wconf 85' lang='lat' dir='ltr'>arbitrarentur,</span> <span class='ocrx_word' id='word_1_255' title='bbox 920 3229 967 3288; x_wconf 92' lang='lat' dir='ltr'>vel</span> <span class='ocrx_word' id='word_1_256' title='bbox 989 3249 1093 3289; x_wconf 92' lang='lat' dir='ltr'>eorum</span> 
     </span>
     <span class='ocr_line' id='line_1_32' title="bbox 147 3319 1126 3401; baseline 0.007 -23"><span class='ocrx_word' id='word_1_257' title='bbox 147 3319 250 3395; x_wconf 91' lang='lat' dir='ltr'>quiin</span> <span class='ocrx_word' id='word_1_258' title='bbox 274 3321 331 3380; x_wconf 92' lang='lat' dir='ltr'>hac</span> <span class='ocrx_word' id='word_1_259' title='bbox 354 3332 433 3381; x_wconf 89' lang='lat' dir='ltr'>terra</span> <span class='ocrx_word' id='word_1_260' title='bbox 454 3324 575 3382; x_wconf 88' lang='lat' dir='ltr'>luerunt</span> <span class='ocrx_word' id='word_1_261' title='bbox 598 3343 799 3401; x_wconf 86' lang='lat' dir='ltr'>magnamque</span> <span class='ocrx_word' id='word_1_262' title='bbox 822 3325 990 3396; x_wconf 89' lang='lat' dir='ltr'>Graeciam,</span> <span class='ocrx_word' id='word_1_263' title='bbox 1014 3344 1092 3401; x_wconf 90' lang='lat' dir='ltr'>quae</span> <span class='ocrx_word' id='word_1_264' title='bbox 1122 3323 1126 3331; x_wconf 82' lang='lat'>&#39;</span> 
     </span>
     <span class='ocr_line' id='line_1_33' title="bbox 147 3417 1094 3499; baseline 0.006 -25"><span class='ocrx_word' id='word_1_265' title='bbox 147 3435 227 3476; x_wconf 92' lang='lat' dir='ltr'>nunc</span> <span class='ocrx_word' id='word_1_266' title='bbox 241 3417 363 3494; x_wconf 91' lang='lat' dir='ltr'>quidem</span> <span class='ocrx_word' id='word_1_267' title='bbox 377 3420 478 3478; x_wconf 91' lang='lat' dir='ltr'>deleta</span> <span class='ocrx_word' id='word_1_268' title='bbox 495 3430 549 3494; x_wconf 88' lang='lat' dir='ltr'>est,</span> <span class='ocrx_word' id='word_1_269' title='bbox 565 3430 627 3479; x_wconf 90' lang='lat' dir='ltr'>tum</span> <span class='ocrx_word' id='word_1_270' title='bbox 642 3420 778 3493; x_wconf 90' lang='lat' dir='ltr'>florebat,</span> <span class='ocrx_word' id='word_1_271' title='bbox 794 3420 937 3482; x_wconf 89' lang='lat' dir='ltr'>institutis</span> <span class='ocrx_word' id='word_1_272' title='bbox 958 3432 989 3481; x_wconf 90' lang='lat' dir='ltr'>et</span> <span class='ocrx_word' id='word_1_273' title='bbox 1010 3441 1094 3499; x_wconf 89' lang='lat' dir='ltr'>prae·</span> 
     </span>
    </p>
   </div>
   <div class='ocr_carea' id='block_1_3' title="bbox 0 0 1306 3864">
    <p class='ocr_par' dir='ltr' id='par_1_4' title="bbox 0 0 1306 3864">
     <span class='ocr_line' id='line_1_34' title="bbox 0 0 1306 3864; baseline 0 2"><span class='ocrx_word' id='word_1_274' title='bbox 0 0 1306 3864; x_wconf 95' lang='lat' dir='ltr'> </span> 
     </span>
    </p>
   </div>
  </div>
 </body>
</html>
