2602 3864
221 231 264 278 20
601 230 772 286 castrus
991 228 995 236 '
1024 235 1118 303 [xiv.
1133 240 1168 302 48

164 423 203 485 49
219 422 304 464 amor
319 401 471 462 exoriatur
485 418 612 485 necesse
627 412 683 464 est.
726 401 809 475 Quid
823 402 904 471 enim
918 412 980 463 tam
1002 407 1166 467 absurdum

218 519 309 579 quam
343 497 489 558 delectari
526 498 629 557 multis
664 498 805 558 inanibus
840 501 939 576 rebus,
972 513 1006 563 ut
1041 505 1165 579 honore,

216 608 250 656 ut
273 596 378 675 gloria,
406 604 441 655 ut
468 594 616 667 aedificio,
645 607 679 655 ut
705 597 816 659 vestitu
840 598 983 674 cultuque
1010 602 1166 677 corporis:

217 694 376 773 animante,
398 693 507 765 virtute
535 693 684 768 praedito,
712 711 753 753 eo
777 694 829 771 qui
856 696 905 754 vel
929 715 1031 755 amare
1052 681 1166 771 velut

217 791 259 851 ita
283 790 391 863 dicam,
417 789 573 848 redamare
593 789 699 866 possit,
723 809 785 850 non
810 792 973 873 admodum
998 794 1166 866 delectari?

218 887 301 947 Nihil
316 896 362 946 est
377 885 456 945 enim
472 887 715 945 remuneratione
736 888 976 972 benevolentiae,
991 889 1066 949 nihil
1081 892 1166 951 vicis·

164 1001 202 1062 50
216 984 348 1044 situdine
363 982 530 1043 studiorum
553 983 779 1060 officiorumque
801 984 969 1045 iucundius.
1012 987 1118 1061 Quid?
1140 989 1165 1047 si

216 1082 290 1140 illud
305 1081 396 1140 etiam
411 1079 560 1151 addimus,
577 1080 658 1156 quod
674 1072 755 1139 recte
777 1081 849 1140 addi
868 1091 980 1158 potest,
1002 1072 1080 1143 nihil
1097 1104 1165 1145 esse

216 1177 299 1253 quod
320 1176 360 1235 ad
382 1194 415 1235 se
436 1193 499 1233 rem
521 1176 613 1237 ullam
636 1185 697 1234 tam
720 1176 824 1235 illiciat
838 1187 869 1236 et
884 1188 945 1237 tam
960 1180 1060 1238 trahat
1075 1199 1165 1256 quam

216 1275 256 1333 ad
283 1273 445 1333 amicitiam
474 1272 648 1363 sierudo,
677 1273 862 1339 concedetur
894 1277 1032 1351 proiecto
1060 1296 1164 1338 verum

215 1389 292 1444 esse,
322 1380 356 1429 ut
382 1371 481 1446 bonos
508 1369 581 1429 boni
609 1369 737 1447 diligant
761 1371 972 1448 asciscantque
995 1374 1053 1434 sibi
1078 1377 1164 1451 quasi

214 1467 441 1546 propinquitate
456 1466 635 1526 coniunctos
651 1477 742 1543 atque
756 1477 875 1539 natura.
917 1470 1001 1528 Nihil
1016 1479 1063 1530 est
1084 1472 1164 1530 enim

214 1565 408 1642 appetentius
437 1563 577 1630 similium
607 1563 653 1622 sui
679 1564 897 1642 nec.rapacius
926 1585 1018 1641 quam
1047 1577 1164 1629 natura.

214 1659 315 1734 Quam
330 1660 371 1719 ob
385 1676 449 1717 rem
462 1658 521 1718 hoc
536 1657 667 1734 quidem,
684 1659 782 1718 Fanni
803 1670 833 1718 et
856 1661 1011 1734 Scaevola,
1034 1672 1163 1736 constet,

213 1767 248 1816 ut
269 1757 385 1836 opinor,
409 1756 498 1820 bonis
522 1746 720 1817 inrer'bonos
743 1758 830 1833 quasi
848 1758 1048 1831 necessariam
1071 1761 1164 1821 bene·

213 1851 387 1928 volentiam,
402 1856 452 1933 qui
471 1865 518 1916 est
540 1855 690 1924 amicitiae
710 1858 779 1917 lons
798 1877 820 1917 -a
842 1868 950 1918 natura
971 1859 1162 1921 constitutus
1208 1885 1212 1891 ·

215 1955 277 2014 Sed
305 1955 412 2015 eadem
440 1953 563 2040 bonitas
591 1955 681 2014 etiam
708 1955 747 2014 ad
773 1955 996 2016 multitudinem
1022 1957 1162 2034 pertinet.

214 2053 285 2111 Non
305 2051 385 2110 enim
407 2062 454 2111 est
476 2051 642 2135 inhumana
663 2051 758 2112 virtus
781 2070 880 2127 neque
902 2052 1042 2112 immunis
1064 2072 1163 2130 neque

213 2150 353 2226 superba,
383 2168 465 2226 quae,
491 2149 581 2208 etiam
614 2149 745 2225 populos
772 2149 931 2208 universos
959 2150 1037 2209 tueri
1059 2151 1163 2226 eisque

213 2245 327 2328 optime
341 2246 500 2306 consulere
519 2247 625 2318 soleat,
648 2245 730 2321 quod
753 2264 813 2305 uon
835 2246 948 2305 faceret
969 2248 1114 2322 protecto,
1137 2247 1163 2306 si

159 2358 196 2422 51
213 2361 233 2402 a
246 2343 371 2403 caritate
385 2342 469 2421 volgi
482 2343 666 2402 abhorreret.
709 2345 812 2418 Atque
833 2342 924 2408 etiam
946 2343 1019 2401 mihi
1041 2345 1162 2420 quidem

212 2438 362 2513 videntur,
378 2439 429 2516 qui
444 2439 583 2498 utilitatis
597 2457 690 2504 causa
704 2439 823 2516 fingunt
841 2439 998 2512 amicitias,
1015 2440 1164 2499 amabilis·

213 2535 320 2596 simum
336 2536 449 2616 nodum
470 2535 618 2596 amicitiae
633 2535 750 2601 tollere.
793 2537 864 2595 Non
879 2536 958 2616 enim
973 2546 1033 2595 tam
1049 2537 1163 2602 utilitas

212 2643 300 2710 parta
314 2651 369 2710 per
383 2633 511 2693 amicum
528 2652 618 2710 quam
634 2632 722 2691 amici
742 2650 826 2691 amor
847 2624 912 2709 ipse
933 2632 1073 2705 delectat,
1089 2642 1165 2693 tum·

214 2748 273 2805 que
288 2729 362 2789 illud
376 2730 418 2801 fit,
435 2729 517 2805 quod
540 2730 579 2788 ab
601 2729 698 2788 amico
720 2739 767 2788 est
787 2730 966 2805 profectum,
988 2729 1162 2803 iucundum,

214 2825 239 2883 si
254 2843 321 2883 cum
337 2825 439 2892 studio
453 2835 500 2890 est
514 2826 692 2902 proiectum,
709 2834 888 2912 tantumque
903 2824 990 2886 abest
1011 2835 1045 2884 ut
1058 2826 1165 2884 amici·

214 2921 274 2980 tiae
295 2932 418 2998 propter
439 2922 635 3000 indigentiam
657 2922 803 2995 colantur,
826 2931 859 2981 ut
879 2922 916 2994 ei,
939 2922 1118 2998 quisopibus
1133 2933 1165 2982 et

213 3018 309 3095 copiis
324 3019 513 3095 maximeque
527 3018 646 3091 virtute,
662 3018 692 3076 in
708 3037 767 3093 qua
787 3018 946 3095 plurimum
961 3029 1008 3077 est
1022 3020 1163 3096 praesidi,

213 3115 336 3174 minime
364 3116 487 3180 alterius
515 3115 679 3192 indigeant,
705 3115 907 3190 liberalissimi
930 3116 991 3175 sint
1019 3126 1049 3175 et
1073 3118 1164 3177 bene-

213 3210 410 3270 ficentissimi.
453 3213 555 3287 Atque
563 3212 652 3274 ¹haud
667 3210 760 3269 sciam
776 3230 814 3269 an
830 3229 869 3270 ne
883 3229 960 3287 opus
981 3211 1021 3270 sit
1042 3213 1164 3289 quidem

214 3307 287 3365 nihil
303 3291 446 3383 umquam
467 3307 591 3366 omnino
610 3308 719 3366 deesse
733 3307 848 3367 amicis.
890 3307 952 3366 Ubi
968 3307 1048 3367 enim
1063 3309 1165 3369 studia

214 3413 319 3465 nostra
322 3403 507 3507 mguissent,
523 3403 549 3464 si
563 3422 727 3482 numquam
741 3404 877 3480 consilio,
893 3423 1057 3480 numquam
1071 3422 1164 3484 opera
