2602 3864
150 251 231 304 XIV.
245 250 293 321 48]
507 249 562 301 DE
588 248 788 302 AMICITIA.
1049 252 1096 317 '19

147 419 334 498 praeclaram
348 417 547 503 sapientiam!
590 416 793 480 Solemenim
813 435 831 476 e
853 417 967 479 mundo
989 418 1095 479 tollere

147 515 287 575 videntur
301 514 337 588 ei,
354 516 406 592 qui
428 515 589 574 amIcitiam
603 534 621 574 e
635 514 697 573 vita
712 514 906 593 tollunt,qua
921 515 994 576 nihil
1016 516 1096 575 adis

148 612 367 672 immortalibus
390 613 497 676 melius
519 612 676 684 habemus,
695 611 769 670 nibil
794 611 963 672 iucundius.
1007 612 1095 695 Quae

146 719 194 770 est
215 709 297 782 enim
319 709 378 768 ista
402 709 572 789 securitas?
614 709 721 785 Specie
745 708 868 784 quidem
892 708 1016 782 blanda,
1040 709 1096 768 sed

137 825 259 900 reapse
268 805 370 884 multis
387 804 462 865 locis
484 805 683 893 repudianda.
726 806 835 881 Neque
855 805 945 867 enim
957 815 1006 870 est
1025 825 1096 865 con-

146 915 326 964 sentaneum
349 881 440 962 ullam
464 885 624 965 honestam
647 921 710 961 rem
733 902 929 975 actionemve,
955 921 993 961 ne
1015 903 1096 962 solli-

145 984 393 1073 mut
398 1019 459 1060 non
482 999 637 1076 suscipere
660 1008 713 1058 aut
733 1010 905 1075 susceptam
930 999 1094 1076 deponere.
1136 1076 1138 1080 y

147 1097 239 1170 Quod
267 1097 292 1156 si
323 1115 425 1156 curam
460 1095 600 1174 fugimus,
629 1095 725 1156 virtus
752 1084 897 1173 fugienda
930 1107 987 1168 est,
1016 1115 1095 1185 quae

146 1213 271 1277 necesse
285 1203 342 1256 est
353 1185 422 1252 cum
443 1193 546 1270 aliqua
566 1212 638 1263 cura
659 1211 708 1253 res
728 1193 788 1253 sibi
807 1193 976 1269 contrarias
996 1213 1096 1270 asper-

146 1301 240 1356 netur
262 1301 354 1367 atque
379 1290 486 1362 oderit,
510 1301 543 1350 ut
531 1289 688 1350 tbonitas
710 1289 868 1361 malitiam,
894 1291 1064 1367 temperant
1066 1291 1095 1350 ia

146 1388 311 1461 libidinem,
340 1387 490 1465 ignaviam
517 1363 673 1446 fortitudo.
729 1387 838 1462 Itaque
866 1387 971 1446 videas
1004 1388 1095 1447 rebus

146 1485 264 1544 iniustis
289 1483 385 1552 iustos
408 1484 538 1544 maxime
560 1484 674 1558 dolere,
698 1482 870 1565 imbellibus
893 1484 990 1556 tortis,
1014 1485 1098 1563 flagi-

146 1580 232 1642 tiosis
260 1582 440 1647 modestas⁰>
467 1582 549 1662 Ergo
573 1583 632 1640 hoc
655 1560 808 1658 proprium
831 1590 879 1640 est
901 1581 994 1657 animi
1015 1582 1095 1642 bene

145 1678 311 1751 constituti,
334 1686 365 1737 et
387 1677 494 1737 laetari
518 1678 607 1737 bonis
632 1678 723 1736 rebus
745 1686 776 1737 et
798 1677 902 1737 dolere
923 1679 1093 1740 contrariis

146 1774 247 1848 Quam
266 1775 306 1833 ob
328 1793 390 1832 rem
407 1773 441 1833 si
466 1757 549 1846 eadit
572 1773 600 1831 in
624 1774 793 1849 sapientem
817 1773 908 1833 animi
930 1757 1027 1850 dolor,
1042 1776 1095 1853 qui
1109 1778 1147 1851 48

145 1852 387 1946 profectocadit,
404 1867 514 1928 nisiex
533 1869 599 1933 eius
619 1869 721 1928 animo
741 1870 938 1946 exstirpatam
960 1874 1096 1932 humani-

146 1975 238 2025 tatem
254 1966 441 2039 arbitramur,
457 1983 535 2040 quae
550 1975 704 2025 causaest
718 1984 772 2024 cur
783 1966 945 2026 amicitiam
958 1969 1095 2030 funditus

145 2064 288 2122 tollamus
312 2081 329 2121 e
354 2062 424 2133 vita,
452 2080 489 2121 ne
498 2062 630 2139 aliquas
654 2072 778 2140 propter
801 2082 870 2123 eam
888 2064 1095 2142 suscipiamus

145 2160 254 2220 molest
255 2160 321 2219 ias?
371 2158 453 2232 Quid
478 2159 558 2234 enim
584 2159 710 2218 interest
736 2169 819 2238 motu
844 2161 936 2221 animi
964 2162 1094 2236 sublate,

145 2276 207 2315 non
221 2243 312 2316 dico'
305 2266 382 2314 mter
396 2255 543 2332 pecudem
559 2265 589 2314 et
577 2255 765 2331 thominem,
781 2258 858 2317 sed
851 2269 929 2317 mter
943 2259 1094 2319 hominem

146 2362 176 2412 et
200 2363 337 2412 truncum
364 2362 415 2413 aut
439 2371 545 2410 saxum
568 2362 620 2411 aut
643 2353 763 2429 quidvis
791 2356 912 2431 generis
936 2356 1094 2418 eiusdem?

145 2452 255 2526 Neque
269 2440 349 2507 enim
365 2458 435 2507 sunt
456 2448 505 2506 isti
526 2448 678 2527 audiendi
701 2451 754 2527 qui
774 2447 915 2510 virtutem
937 2452 1042 2513 duram
1064 2464 1096 2514 et

146 2546 233 2623 quasi
253 2546 382 2619 terream
403 2562 471 2603 esse
493 2546 646 2620 quandam
661 2547 787 2606 volunt:
817 2566 896 2623 quae
910 2548 1033 2623 quidem
1048 2560 1095 2611 est

145 2662 214 2704 cum
229 2642 330 2701 multis
345 2641 376 2700 in
391 2641 481 2700 rebus
496 2651 558 2700 tum
574 2642 605 2701 in
625 2643 758 2703 amicitia
779 2653 884 2702 tenera
905 2653 996 2722 atque
1017 2652 1093 2708 trac-

145 2739 256 2811 tabilis,
281 2748 315 2798 ut
337 2747 368 2802 et
391 2737 483 2810 bonis
505 2738 593 2798 amici
608 2726 703 2816 'quasi
724 2739 913 2799 diffundatur
933 2752 965 2801 et
984 2743 1095 2803 incom-

146 2822 244 2896 modis
259 2836 465 2896 contrahatur.
507 2835 607 2909 Quam
622 2837 662 2896 ob
677 2855 740 2913 rem
760 2855 856 2914 angor
876 2837 942 2911 iste,
965 2839 1017 2914 qui
1038 2860 1095 2916 pro

145 2932 242 3009 amico
257 2950 348 3009 saepe
364 2931 530 3008 capiendus
541 2941 597 3005 est,
613 2952 675 2991 non
689 2922 806 3002 tantum
822 2934 912 3008 valet,
927 2945 961 3008 ut
975 2937 1063 3000 tollat
1076 2956 1094 2995 e

144 3031 207 3090 vita
229 3026 400 3102 amicitiam,
426 3047 488 3087 non
512 3028 580 3104 plus
604 3048 694 3104 quam
717 3039 751 3088 ut
775 3031 910 3106 virtutes,
936 3033 1008 3110 quia
1032 3053 1095 3094 non

145 3126 244 3185 nullas
259 3145 347 3186 curas
362 3136 393 3185 et
408 3125 562 3184 molestias
577 3125 717 3200 afferunt,
733 3128 940 3202 repudientur.

185 3223 272 3282 XIV.
317 3224 395 3305 Cum
424 3209 524 3280 autem
553 3223 713 3300 contrahat
742 3223 914 3300 amicitiam,
942 3235 976 3286 ut
1004 3245 1095 3304 supra

145 3320 215 3392 dixi,
241 3319 352 3401 siqua
379 3318 557 3396 significatio
580 3318 698 3378 virtutis
726 3319 851 3402 eluceat,
873 3322 913 3381 ad
941 3342 1032 3399 quam
1060 3343 1095 3383 se

145 3417 250 3485 similis
273 3415 392 3496 animus
420 3415 552 3508 applicet
575 3425 606 3475 et
629 3416 783 3494 adiungat,
806 3418 848 3483 id,
863 3438 931 3478 cum
959 3420 1094 3499 contigit,
