2602 3864
211 241 251 302 28
467 299 470 303 .
592 236 764 308 mamus
790 315 792 321 s
1029 252 1107 323 [xx.
1121 265 1154 318 72

207 422 339 498 quodam
355 423 446 482 modo
462 422 617 482 interiores
633 423 784 482 extollere.
828 423 906 482 Sunt
920 423 999 481 enim
1021 423 1153 500 quidam,

208 521 258 596 qui
282 520 426 579 molestas
449 520 596 578 amicitias
619 520 743 594 faciunt,
769 539 837 579 cum
862 520 919 597 ipsi
944 540 976 579 se
1001 521 1155 579 contemni

207 627 334 694 putant:
367 618 449 694 quod
479 635 539 675 non
565 617 628 675 fere
653 617 801 694 contingit
826 617 883 676 nisi
910 619 963 691 eis,
989 618 1040 694 qui
1064 618 1154 676 etiam

206 715 447 774 contemnendos
459 733 492 773 se
504 713 695 786 arbitrantur,
705 714 757 790 qui
766 716 823 773 hac
834 715 977 791 opinione
990 735 1050 774 non
1063 716 1154 774 modo

156 831 189 888 73
206 813 314 885 verbis,
332 813 388 872 sed
409 812 500 871 etiam
523 829 614 886 opere
636 810 757 869 levandi
778 821 856 869 sunt.
900 813 1032 871 Tantum
1054 822 1153 870 autem

206 909 314 985 cuique
330 910 532 982 tribuendum,
542 907 669 985 primum
680 917 825 983 quantum
839 909 903 984 ipse
915 909 1033 967 efficere
1044 909 1153 984 possis,

206 1005 318 1064 deinde
332 1007 423 1065 etiam
438 1016 584 1083 quantum
600 1004 658 1076 ille,
674 1022 763 1079 quem
778 1005 886 1080 diligas
906 1015 997 1080 atque
1019 1004 1153 1078 adiuveS,

206 1103 363 1162 sustinere.
401 1105 471 1162 Non
486 1104 567 1162 enim
583 1122 680 1178 neque
697 1110 728 1159 tu
743 1101 851 1177 possis,
864 1101 1001 1177 quamvis
1013 1102 1152 1174 excellas,

206 1200 304 1258 omnis
320 1210 387 1259 tuos
403 1200 442 1258 ad
456 1201 587 1261 honores
602 1199 805 1278 amplissimos
821 1199 994 1275 perducere,
1007 1208 1040 1257 ut
1053 1199 1153 1275 Scipio

207 1298 240 1356 P.
270 1297 424 1374 Rupilium
452 1298 550 1374 potuit
583 1299 738 1357 consulem
770 1296 897 1368 efficere,
933 1295 1056 1353 fratrem
1089 1295 1153 1353 eius

207 1393 332 1451 Lucium
348 1414 408 1452 non
423 1394 530 1470 potuit.
573 1394 665 1468 Quod
682 1394 708 1454 si
730 1394 821 1453 etiam
843 1392 942 1470 possis
964 1391 1083 1467 quidvis
1104 1391 1155 1450 de·

206 1490 284 1548 ferre
302 1492 341 1549 ad
362 1491 499 1563 alterum,
514 1491 677 1550 videndum
699 1502 745 1551 est
767 1500 867 1550 tamen
891 1489 964 1567 quid
986 1489 1035 1548 ille
1057 1489 1154 1566 possit

154 1603 193 1663 74
206 1587 363 1647 sustinere.
420 1588 553 1647 Omnino
586 1588 735 1646 amicitiae
767 1588 969 1647 corroboratis
997 1587 1056 1646 iam
1085 1607 1154 1646 con-

206 1684 390 1761 firmatisque
406 1694 436 1743 et
450 1685 577 1762 ingeniis
593 1695 623 1744 et
635 1686 784 1746 aetatibus
799 1686 980 1745 iudicandae
995 1694 1073 1758 sunt,
1087 1705 1153 1758 nec,

207 1783 232 1842 si
247 1783 297 1859 qui
313 1783 435 1841 ineunte
450 1793 550 1842 aetate
565 1785 697 1842 venandi
711 1794 762 1843 aut
776 1785 855 1861 pilae
873 1784 1000 1844 studiosi
1021 1785 1151 1856 fuerunt,

206 1899 259 1939 eos
275 1879 386 1938 habere
402 1880 598 1952 necessarios,
614 1902 691 1958 quos
706 1892 769 1940 tum
787 1883 895 1941 eodem
916 1881 1017 1940 studio
1038 1880 1154 1957 praedi-

207 1987 253 2036 tos
275 1977 451 2036 dilexerunt.
496 1979 561 2037 Isto
582 1978 662 2036 enim
684 1980 775 2038 modo
791 1980 922 2038 nutrices
938 1988 968 2036 et
983 1979 1153 2055 paedagogi

206 2073 268 2131 iure
300 2074 459 2134 vetustatis
493 2075 653 2150 plurimum
685 2076 914 2134 benevolentiae
945 2076 1152 2150 postulabunt.

206 2171 267 2242 Qui
292 2171 471 2247 neglegendi
500 2172 623 2247 quidem
652 2191 711 2230 non
740 2181 819 2245 sunt,
849 2172 904 2231 sed
932 2171 992 2230 alio
1020 2173 1152 2247 quodam

206 2267 296 2325 modo
318 2267 514 2326 aestimandi:
547 2268 633 2327 aliter
656 2268 805 2327 amicitiae
830 2269 954 2327 stabiles
976 2287 1152 2345 permanere

205 2379 266 2418 non
294 2370 430 2437 possunt.
485 2361 624 2439 Disparis
653 2363 733 2422 enim
761 2382 861 2422 mores
893 2362 1025 2439 disparia
1053 2363 1153 2422 studia

204 2467 379 2534 sequuntur,
394 2477 522 2534 quorum
537 2459 750 2520 dissimilitudo
765 2460 911 2519 dissociat
925 2459 1080 2532 amicitias,
1095 2477 1152 2518 nec

204 2555 244 2614 ob
267 2555 356 2613 aliam
379 2574 501 2615 causam
525 2556 617 2616 ullam
640 2557 712 2616 boni
735 2556 890 2634 improbis,
913 2556 1041 2633 improbi
1064 2557 1153 2616 bonis

205 2652 292 2710 amici
317 2671 384 2711 esse
408 2671 469 2711 non
493 2663 628 2730 possunt,
654 2654 710 2713 nisi
734 2655 816 2730 quod
836 2663 922 2712 tanta
935 2663 983 2713 est
997 2653 1075 2712 inter
1088 2672 1150 2727 eos,

204 2759 317 2823 quanta
342 2749 472 2807 maxima
493 2762 594 2826 potest
615 2770 692 2823 esse,
708 2770 823 2809 morum
845 2751 1073 2826 studiorumque
1095 2751 1153 2810 dis·

151 2863 185 2923 75
203 2845 307 2904 tantia.
350 2847 446 2905 Recte
475 2849 567 2906 etiam
594 2848 728 2925 praecipi
756 2857 859 2924 potest
886 2848 916 2906 in
940 2848 1087 2919 amicitiis,
1113 2868 1151 2908 ne

202 2940 403 3017 intemperata
426 2945 575 3019 quaedam
600 2943 821 3016 benevolentia,
837 2944 918 3019 quod
940 2963 1087 3022 persaepe
1108 2945 1150 3018 fit,

202 3037 348 3114 impediat
376 3059 502 3117 magnas
529 3041 674 3100 utilitates
700 3040 873 3100 amicorum.
916 3042 983 3100 Nec
1005 3041 1093 3113 enim,
1119 3053 1152 3100 ut

203 3135 243 3193 ad
257 3137 378 3196 fabulas
393 3138 524 3210 redeam,
539 3138 663 3197 Troiam
679 3139 899 3214 Neoptolemus
913 3157 1022 3214 capere
1036 3139 1150 3215 potuis·

202 3242 256 3305 set,
283 3234 309 3292 si
334 3235 536 3313 Lycomeden,
563 3235 643 3312 apud
669 3254 759 3311 quem
782 3243 846 3293 erat
868 3235 1023 3307 educatus,
1049 3235 1151 3295 multis

143 3393 145 3397 .
202 3351 271 3390 cum
292 3333 422 3392 lacrimis
445 3333 500 3391 iter
524 3352 611 3392 suum
636 3331 850 3409 impedientem
873 3332 976 3390 audire
996 3332 1150 3391 voluisset.

203 3430 243 3488 Et
257 3449 349 3507 saepe
371 3430 509 3490 incidunt
529 3449 657 3509 magnae
678 3449 735 3504 res,
757 3439 791 3489 ut
812 3428 1029 3488 discedendum
1051 3428 1090 3487 sit
1112 3429 1150 3486 ab
