2602 3864
196 245 238 308 30
578 241 748 298 ruamus
996 243 1144 316 [xx1.7a

193 417 395 478 contumeliae
430 418 601 496 gignuntur.
657 419 745 492 Quae
773 428 875 477 tamen
908 418 935 478 si
969 421 1144 482 tolerabiles

194 524 290 588 erunt,
308 516 453 575 ferendae
475 524 545 574 sunt
566 515 665 574 ethic
686 517 784 574 honos
805 515 899 574 veteri
918 516 1069 576 amicitiae
1092 518 1144 577 tri·

195 613 343 685 buenduS,
359 623 392 671 ut
407 612 432 672 is
447 612 477 670 in
493 612 581 688 culpa
596 612 634 671 sit
649 611 700 688 qui
714 612 816 686 faciat,
829 631 890 671 non
903 612 928 672 is
940 613 991 690 qui
1002 614 1144 692 patiatur,

172 726 342 775 iniuriam.

236 804 369 864 Omnino
385 804 517 863 omnium
540 805 645 864 horum
667 803 806 863 vitiorum
828 813 919 880 atque
942 804 1146 866 incommode

53 902 57 978 ,⁴
86 912 88 915 ’
195 920 261 959 rum
286 921 346 959 una
370 902 470 960 cautio
495 910 542 960 est
567 911 658 977 atque
683 920 745 960 una
768 901 909 978 provisi0,
933 912 967 962 ut
991 921 1030 962 ne
1054 903 1144 963 nimis

143 1016 180 1076 79
196 998 256 1056 cito
276 998 400 1074 diligere
423 997 570 1074 incipiant
592 1016 668 1056 neve
691 1017 752 1056 non
774 998 892 1076 dignos.
935 999 1028 1078 Digni
1044 1010 1144 1060 autem

196 1105 267 1154 sunt
281 1095 421 1167 amicitia,
437 1095 547 1170 quibus
562 1095 591 1152 in
608 1094 682 1171 ipsis
697 1094 776 1155 inest
790 1115 884 1156 causa
897 1116 951 1156 cur
965 1097 1145 1175 diligantur:

196 1211 295 1250 rarum
322 1210 419 1268 genus
432 1213 441 1264 3
474 1201 505 1251 et
527 1191 649 1268 quidem
678 1192 780 1252 omnia
807 1194 963 1270 praeclara
986 1212 1063 1268 rara,
1089 1212 1147 1253 nec

197 1288 358 1366 quicquam
383 1288 533 1348 difficilius
558 1308 649 1364 quam
674 1291 805 1366 reperire
830 1293 913 1368 quod
937 1291 977 1350 sit
1001 1290 1084 1350 omni
1108 1309 1147 1350 ex

196 1396 282 1464 parte
297 1385 328 1444 in
343 1404 398 1445 suo
411 1404 523 1463 genere
537 1388 713 1462 perfectum.
758 1388 818 1447 Sed
836 1388 972 1465 plerique
994 1406 1093 1464 neque
1114 1387 1147 1446 in

197 1485 288 1542 rebus
322 1482 462 1542 humanis
493 1483 653 1561 quicquam
690 1485 804 1544 bonum
833 1495 943 1543 norunt
971 1484 1029 1544 nisi
1064 1484 1147 1562 quod

196 1582 383 1639 fructuosum
401 1580 449 1653 sit,
465 1591 495 1639 et
517 1581 630 1641 amicos
652 1590 804 1657 tamquam
827 1581 960 1658 pecudes
981 1600 1035 1641 eos
1056 1580 1149 1658 potis·

197 1678 305 1736 simum
321 1677 458 1755 diligunt,
475 1697 512 1736 ex
527 1680 636 1755 quibus
651 1689 775 1756 sperant
791 1698 823 1737 se
839 1678 1000 1738 maximum
1016 1680 1147 1738 {ructum

144 1780 183 1834 80
197 1795 265 1835 esse
280 1784 433 1853 capturos.
475 1778 524 1834 Ita
537 1775 738 1852 pulcherrima
752 1775 803 1834 illa
818 1785 848 1833 et
868 1776 995 1835 maxime
1017 1776 1148 1836 naturali

198 1885 302 1933 carent
327 1873 460 1933 amicitia
478 1892 531 1950 per
550 1891 583 1932 se
601 1884 631 1932 et
651 1881 775 1950 propter
792 1891 825 1931 se
847 1873 989 1948 expetita,
1012 1892 1069 1932 nec
1090 1872 1149 1949 ipsi

198 1971 256 2031 sibi
271 1972 410 2049 exemplo
426 1981 505 2043 sunt,
521 1971 596 2029 haec
610 1970 655 2029 vis
671 1969 819 2028 amicitiae
832 1979 862 2028 et
876 1969 975 2044 qualis
989 1979 1020 2028 et
1034 1979 1149 2046 quanta

199 2068 257 2143 sit,
284 2069 349 2146 ipse
364 2069 443 2127 enim
460 2087 492 2127 se
513 2067 641 2144 quisque
663 2067 768 2144 diligit,
785 2085 845 2125 non
868 2077 901 2126 ut
922 2066 1053 2143 aliquam
1076 2085 1148 2125 ase

199 2166 264 2242 ipse
280 2167 449 2224 mercedem
469 2165 570 2242 exigat
587 2164 721 2222 caritatis
746 2182 828 2236 suae,
853 2164 908 2222 sed
931 2165 1014 2239 quod
1037 2182 1091 2240 per
1115 2183 1148 2223 se

200 2263 328 2338 quisque
348 2262 405 2321 sibi
428 2281 516 2321 carus
538 2270 604 2335 est;
638 2259 719 2337 quod
742 2260 799 2319 nisi
825 2260 904 2318 idem
930 2260 961 2318 in
986 2260 1149 2319 amicitiam

200 2361 406 2430 transferetur,
433 2378 522 2418 verus
556 2360 669 2417 amicus
698 2360 866 2432 numquam
890 2357 1072 2433 reperietur:
1102 2367 1149 2416 est

146 2459 182 2515 81
200 2456 279 2514 enim
305 2457 339 2527 is,
365 2457 419 2533 qui
446 2467 493 2516 est
517 2467 670 2532 tamquam
696 2453 771 2512 alter
795 2453 885 2513 idem.
928 2453 1020 2527 Quod
1043 2454 1068 2513 si
1090 2455 1149 2512 hoe

202 2564 328 2631 apparet
342 2553 372 2611 in
387 2553 493 2612 bestiis
507 2552 680 2611 volucribus
696 2549 839 2610 nantibus
855 2550 1033 2627 agrestibus,
1048 2550 1151 2609 cicuri-

201 2651 258 2709 bus
272 2649 352 2721 feris,
369 2650 496 2725 primum
511 2659 545 2707 ut
565 2667 598 2707 se
620 2649 704 2725 ipsae
726 2647 862 2724 diligant,
884 2646 915 2704 id
937 2645 1017 2704 enim
1039 2646 1151 2723 pariter

201 2765 269 2804 eum
285 2747 367 2805 omni
383 2747 534 2804 animante
550 2746 691 2817 nascitur,
706 2745 817 2805 deinde
832 2753 865 2802 ut
885 2743 1039 2820 requirant
1060 2754 1150 2820 atque

202 2853 347 2919 appetant
358 2842 396 2901 ad
409 2861 484 2918 quas
496 2860 528 2900 se
541 2842 693 2918 applicent
702 2842 836 2900 eiusdem
848 2840 969 2918 generis
980 2841 1150 2915 animantis,

203 2939 294 3015 idque
308 2938 422 2997 faciant
437 2958 504 2998 cum
520 2939 670 2997 desiderio
683 2948 792 2997 etcum
808 2937 940 3014 quadarn
956 2937 1151 2997 similitudine

204 3036 313 3095 amoris
327 3035 459 3109 humani,
476 3045 590 3112 quanto
608 3035 639 3093 id
661 3035 756 3112 magis
779 3035 809 3092 in
832 3034 955 3094 homine
977 3035 1012 3093 fit
1034 3044 1150 3108 natura,

204 3133 255 3211 qui
270 3143 301 3193 et
315 3152 348 3193 se
363 3133 428 3210 ipse
443 3133 540 3212 diligit
554 3143 585 3192 et
602 3133 728 3191 alterum
751 3132 890 3208 anquirit,
913 3131 998 3191 cuius
1020 3131 1152 3191 animum

205 3233 247 3292 ita
262 3252 328 3292 cum
345 3251 400 3292 suo
415 3232 552 3305 misceat,
566 3241 600 3290 ut
614 3230 725 3290 efficiat
740 3248 837 3308 paene
852 3249 946 3289 unum
961 3249 1000 3288 ex
1014 3229 1152 3289 duobus!

151 3334 187 3390 82
245 3333 348 3391 XXII.
392 3330 452 3389 Sed
468 3329 603 3407 plerique
618 3346 767 3404 perverse,
784 3346 821 3385 ne
836 3327 934 3386 dicam
953 3326 1152 3404 impudenter,

205 3429 316 3487 habere
330 3428 421 3487 talem
440 3426 568 3486 amicum
583 3427 697 3498 volunt,
714 3425 820 3500 quales
840 3423 896 3500 ipsi
915 3441 983 3482 esse
1004 3441 1065 3481 non
1086 3440 1154 3498 pos·
