2602 3864
151 251 202 306 rx.
217 251 265 324 32]
484 253 538 305 ue
564 254 766 306 Anrcrrrx.
1059 256 1096 320 13

148 419 240 480 rebus
255 418 293 478 ad
309 418 392 477 illum
405 419 532 496 primum
547 431 661 479 motum
677 419 769 479 animi
783 429 814 480 et
829 420 940 479 amoris
954 420 1098 480 adhibitis

149 515 335 577 admirabilis
360 517 509 591 quaedam
534 517 703 576 exardescit
728 516 958 575 benevolentiae
986 517 1098 593 magni·
1135 542 1137 549 ’

148 615 232 673 tudo.
276 613 376 686 Quam
398 612 424 671 si
447 612 497 688 qui
518 624 626 688 putant
648 614 686 672 ab
708 612 914 672 imbecillitate
937 612 1096 688 proficisci,
1127 594 1159 753 V

148 721 182 771 ut
206 711 245 771 sit
269 728 322 786 per
347 726 436 784 quem
462 711 647 785 adsequatur
672 711 754 786 quod
780 709 907 785 quisque
936 709 1096 783 desideret,
1143 760 1145 764 ,
1208 732 1209 735 ’

148 809 291 868 humilem
309 825 383 867 sane
407 806 580 881 relinquunt
600 816 631 866 et
648 806 770 864 minime
791 823 980 882 generosum,
1002 815 1035 863 ut
1056 805 1097 866 ita
1154 848 1161 897 1·
1202 827 1286 868 f

149 906 255 978 dicam,
268 917 365 964 ortum
382 903 540 976 amicitiae,
554 921 644 978 quam
659 921 696 962 ex
711 903 814 979 inopia
829 913 920 977 atque
932 901 1099 979 indigentia
1150 916 1154 941 ι·

149 1012 250 1061 natam
262 1003 375 1061 volunt.
419 1000 511 1074 Quod
532 1000 558 1058 si
579 1000 621 1058 ita
635 1011 725 1072 esset,
738 1011 770 1058 ut
792 999 919 1075 quisque
942 999 1097 1058 minimum
1147 944 1163 1044 b

149 1117 215 1158 esse
228 1099 257 1156 in
269 1118 302 1158 se
314 1098 516 1169 arbitraretur,
531 1095 573 1154 ita
588 1097 627 1154 ad
639 1096 799 1154 amicitiam
813 1107 894 1154 esset
905 1096 1079 1172 aptissimus
1089 1118 1098 1171 ;

150 1198 231 1271 quod
247 1197 336 1274 longe
357 1204 520 1277 secus„‚est.
547 1190 609 1251 ‘Ut
624 1193 703 1250 enim
721 1193 848 1268 quisque
864 1193 920 1251 sibi
936 1193 1097 1269 plurimum
1112 1214 1150 1271 30

148 1293 274 1352 confidit
288 1302 318 1353 et
329 1303 362 1352 ut
368 1275 503 1369 unisque
517 1289 645 1348 maxime
661 1289 769 1347 virtute
781 1299 812 1347 et
823 1290 972 1366 sapientia
982 1291 1026 1350 sic
1038 1311 1099 1350 mu-

149 1390 230 1449 nitus
245 1401 299 1462 est,
315 1401 348 1449 ut
363 1390 446 1449 nullo
461 1399 549 1468 egeat
564 1405 680 1462 suaque
696 1387 798 1445 omnia
814 1387 844 1444 in
864 1387 978 1462 seipso
997 1389 1098 1464 posita

149 1485 268 1558 iudicet,
285 1487 326 1545 ita
347 1487 378 1545 in
399 1486 538 1545 amicitiis
559 1482 738 1559 expetendis
759 1483 954 1559 colendisque
969 1485 1097 1544 maxime

149 1583 277 1642 excellit.
311 1584 393 1657 Quid
404 1584 503 1642 enim?
535 1582 698 1640 Africanus
710 1579 849 1654 indigens
860 1579 938 1638 mei?
971 1581 1097 1640 Minime

149 1679 288 1739 hercule!
329 1682 372 1739 Ac
388 1699 425 1739 ne
441 1699 499 1757 ego
514 1680 635 1756 quidem
653 1677 740 1746 itlius,
755 1677 810 1734 sed
825 1695 882 1752 ego
898 1677 1097 1737 admiratione

150 1775 278 1849 quadam
293 1775 410 1834 virtutis
425 1777 498 1848 eius,
515 1776 565 1833 ille
580 1773 712 1833 vicissim
729 1771 871 1846 opinione
891 1773 1020 1832 fortasse
1036 1794 1097 1833 non

150 1868 232 1927 nulla
247 1888 337 1945 quam
352 1871 390 1929 de
406 1870 480 1928 meis
496 1870 628 1929 moribus
643 1870 784 1940 habebat,
802 1887 849 1925 me
864 1869 988 1942 dilexit,
1016 1870 1098 1929 auxit

150 1965 392 2025 benevolentiam
414 1945 632 2055 consuetudo]
663 1967 723 2026 Sed
746 1984 930 2041 quamquam
952 1966 1097 2026 utilitates
1121 1963 1158 2001 ’Ν

150 2063 262 2121 multae
276 2073 307 2121 et
325 2082 451 2142 magnae
466 2077 648 2124 consecutae
668 2074 747 2135 sunt,
764 2083 823 2121 non
847 2072 918 2120 sunt
940 2073 1040 2121 tamen
1060 2066 1098 2123 ab
1154 2139 1165 2149 .

125 2192 134 2205 ·-
144 2177 252 2220 earum
266 2179 322 2235 spe
332 2179 442 2220 causae
454 2158 774 2240 diligendiprolectae.
819 2161 863 2220 Ut
874 2161 954 2219 enim
970 2162 1098 2221 benefici
1111 2183 1147 2241 31

150 2254 349 2331 liberalesque
370 2276 482 2328 sumus,
501 2278 562 2316 non
583 2271 616 2318 ut
637 2260 791 2337 exigamus
813 2260 1097 2337 gratiam—neque

150 2350 229 2409 enim
258 2352 437 2412 beneficium
452 2356 729 2439 Qmffised
756 2367 863 2416 natura
889 2359 1034 2436 propensi
1058 2360 1098 2418 ad

150 2447 359 2506 liberalitatem
381 2451 579 2511 sumus-sic
604 2453 766 2511 amicitiam
791 2474 851 2513 non
873 2475 928 2532 spe
951 2457 1098 2516 mercedis

150 2543 281 2617 adducti,
307 2546 362 2604 sed
386 2546 469 2621 quod
493 2548 591 2607 omnis
616 2549 680 2608 eius
709 2550 823 2611 sructus
849 2553 878 2611 in
905 2554 972 2630 ipso
995 2574 1097 2614 amore

149 2640 236 2712 inest,
251 2643 451 2718 expetendam
467 2653 616 2720 putamus.
660 2646 708 2705 Ab
723 2648 779 2720 his,
795 2649 847 2725 qui
867 2652 1017 2726 pecudum
1039 2653 1097 2712 ritu
1111 2632 1160 2733 32]

149 2737 189 2796 ad
213 2737 397 2815 voluptatem
419 2740 522 2800 omnia
543 2742 686 2817 referunt,
711 2746 801 2824 longe
824 2748 1016 2819 dissentiunt,
1040 2768 1097 2810 nec
1152 2748 1155 2791 ¹

148 2835 274 2910 mirum;
301 2836 374 2894 nihil
389 2837 470 2896 enim
485 2839 587 2913 altum,
604 2841 678 2900 nihil
695 2845 886 2922 magnificum
907 2865 943 2905 ac
961 2847 1096 2906 divinum

148 2932 302 3009 suspicere
324 2943 462 3009 possunt,
476 2936 529 3011 qui
550 2955 621 2997 suas
642 2941 741 2998 omnis
762 2941 962 3019 cogitationes
983 2944 1098 3002 abiece-

148 3039 216 3086 runt
231 3028 262 3086 in
277 3048 338 3087 rem
353 3042 415 3090 tam
435 3032 577 3091 humilem
598 3044 720 3111 tamque
740 3048 952 3115 contemptam.
996 3040 1096 3113 Quam

148 3124 270 3183 obrem
291 3127 347 3185 hos
362 3128 485 3203 quidem
507 3130 620 3189 abhoc
641 3150 779 3193 sermone
800 3153 1016 3209 removeamus,
1039 3136 1097 3213 ipsi

148 3231 248 3280 autem
271 3221 483 3302 intellegamus
507 3235 614 3286 natura
637 3229 720 3306 gigni
745 3250 866 3291 sensum
893 3232 1038 3311 diligendi
1066 3243 1097 3292 et

147 3319 378 3378 benevolentiae
403 3321 560 3381 caritatem
581 3325 663 3384 facta
686 3327 905 3404 significatione
927 3329 1095 3406 probitatis,

148 3433 238 3492 quam
264 3416 316 3491 qui
338 3417 558 3493 appetiverunt,
581 3421 735 3498 applicant
755 3442 823 3484 sese
845 3435 875 3485 et
896 3427 1021 3504 propius
1042 3427 1095 3486 ad·

1172 2133 1243 2145 ..-no-¹
