2602 3864
147 267 199 320 xr.
212 265 263 336 ³7]
484 263 541 316 ne
564 262 770 315 anrcrrra
1054 260 1090 324 ις

146 454 207 511 quo
230 432 404 492 inimicitias
427 431 574 490 maximas
600 449 693 508 saepe
717 431 796 490 inter
822 426 1022 488 amicissimos
1046 447 1094 488 ex·

146 532 269 590 stitisse„
319 531 436 606 Magna
468 529 561 586 etiam
591 528 721 586 discidia
748 539 781 586 et
809 526 988 604 plerumque
1015 525 1095 586 iusta
1108 543 1145 606 35

146 627 239 700 nasci,
261 645 330 686 cum
355 625 469 701 aliquid
493 625 534 681 ab
557 625 663 683 amicis
686 624 770 700 quod
791 633 907 682 rectum
929 641 992 681 non
1012 636 1096 684 esset

145 725 359 801 postularetur,
381 732 415 780 ut
436 732 488 779 aut
509 720 641 780 libidinis
662 720 791 779 ministri
813 730 866 779 aut
881 719 1036 781 adiutores
1050 740 1095 783 es-

146 831 215 879 sent
228 821 269 878 ad
283 819 431 890 iniuriam,
445 818 530 895 quod
550 818 603 894 qui
616 827 800 890 recusarent,
815 817 953 893 quamvis
966 819 1094 879 honeste

146 919 178 976 id
191 918 336 987 facerent,
352 916 398 974 ius
413 926 514 974 tamen
529 915 678 973 amicitiae
689 915 830 974 deserere
845 928 1041 994 arguerentur
1054 917 1094 976 ab

146 1015 199 1087 eis,
223 1014 333 1090 quibus
354 1012 482 1089 obsequi
504 1011 641 1086 nollent,
675 1011 744 1070 illos
765 1023 876 1087 autem,
901 1016 952 1092 qui
976 1015 1096 1091 quidvis

147 1112 186 1170 ab
201 1112 299 1169 amico
313 1109 460 1168 auderent
479 1108 644 1185 postulare,
659 1109 864 1185 postulatione
882 1113 949 1189 ipsa
962 1112 1094 1189 profiteri

147 1208 250 1266 omnia
273 1226 307 1267 se
330 1207 418 1265 amici
439 1225 534 1265 causa
554 1223 622 1264 esse
646 1207 790 1266 facturos.
832 1210 944 1268 Eorum
959 1210 1096 1287 querella

148 1304 314 1363 inveterata
348 1322 409 1361 non
444 1303 536 1360 modo
563 1301 784 1363 familiaritates
810 1305 960 1384 exstingui
987 1305 1094 1378 solere,

148 1402 203 1460 sed
217 1401 288 1459 odia
302 1400 393 1459 etiam
407 1399 490 1477 gigni
504 1398 698 1475 sempiterna.
742 1404 832 1462 Haec
846 1403 887 1461 ita
901 1403 997 1462 multa
1010 1401 1095 1479 quasi
1147 1440 1153 1473 ,·

147 1499 212 1556 fata
234 1497 408 1573 impendere
433 1495 582 1568 amicitiis,
598 1480 639 1556 ¹ut
667 1499 769 1558 omnia
797 1501 1005 1577 subterfugere
1033 1518 1094 1558 non
1165 1536 1169 1546 ·

148 1595 240 1653 modo
274 1593 456 1670 sapientiae,
487 1592 543 1650 sed
578 1594 669 1652 etiam
703 1595 856 1656 felicitatis
889 1596 1003 1656 diceret
1037 1596 1095 1656 sibi

148 1690 252 1749 videri

189 1788 245 1846 XI.
288 1787 387 1860 Quam
410 1785 450 1845 ob
472 1803 534 1844 rem
556 1786 587 1846 id
607 1786 734 1864 primum
755 1787 920 1860 videamuS,
938 1787 963 1847 si
985 1787 1093 1864 placet,
1109 1786 1148 1863 36

140 1895 300 1959 quatenus
321 1901 406 1940 amor
428 1882 460 1940 in
485 1882 615 1942 amicitia
639 1884 779 1961 progredi
801 1884 921 1943 debeat.
964 1885 1094 1957 Numne,

149 1980 174 2038 si
191 1977 371 2039 Coriolanus
384 1979 490 2038 habuit
505 1980 626 2053 amicos,
641 1981 719 2039 ferre
737 1992 842 2039 contra
862 1979 990 2055 patriam
1013 1998 1095 2039 arma

149 2077 192 2135 illi
207 2095 275 2135 cum
290 2076 454 2137 Coriolano
472 2077 664 2136 debuerunt?
706 2077 786 2135 Num
801 2075 990 2135 Vecellinum
1007 2075 1095 2134 amici

149 2189 275 2248 regnum
300 2180 502 2249 appetentem,
526 2191 598 2230 num
617 2171 763 2231 Maelium
783 2171 953 2231 debuerunt
972 2170 1094 2230 iuvare?

150 2267 304 2325 Tiberium
327 2267 449 2345 quidem
476 2269 646 2328 Gracchum
671 2287 733 2326 rem
758 2267 911 2344 publicam
935 2276 1094 2326 vexantem
1108 2281 1146 2344 37

150 2384 168 2423 a
183 2364 221 2437 Q.
234 2365 396 2424 Tuberone
411 2367 648 2442 aequalibusque
664 2364 767 2424 amicis
782 2364 958 2423 derelictum
973 2363 1094 2423 videba-

150 2483 225 2523 mus.
267 2466 308 2524 At
324 2466 358 2524 C.
371 2464 506 2523 Blossius
518 2464 682 2535 Cumanus,
695 2463 807 2536 hospes
821 2459 953 2519 familiae
967 2470 1094 2531 vestrae,

152 2562 307 2635 Scaevola,
323 2580 391 2621 curn
407 2561 446 2620 ad
461 2578 517 2631 me,
532 2559 614 2636 quod
629 2560 751 2618 aderam
772 2555 899 2616 Laenati
919 2565 950 2616 et
972 2555 1095 2632 Rupilio

150 2659 325 2718 consulibus
353 2658 381 2716 in
412 2656 549 2730 consilio,
577 2658 772 2733 deprecatum
794 2652 936 2727 venisset,
962 2652 1040 2712 hanc
1063 2660 1096 2711 ut

150 2755 208 2813 sibi
231 2755 417 2832 ignoscerem
440 2772 562 2814 causam
586 2751 740 2824 afferebat,
756 2749 838 2828 quod
854 2749 928 2810 tanti
943 2749 990 2809 Ti.
1005 2749 1096 2810 Grac·

150 2853 240 2911 chum
263 2852 396 2924 fecisset,
421 2863 455 2910 ut
479 2849 626 2928 quidquid
652 2849 702 2908 ille
725 2848 816 2908 vellet
840 2846 897 2908 sibi
922 2846 1094 2907 faciendum

149 2957 278 3026 putaret.
319 2949 398 3007 Tum
423 2967 480 3026 ego
501 2948 667 3018 ‘etiamne’
690 2945 821 3022 inquam,
838 2943 880 3004 ‘si
903 2953 933 3004 te
956 2943 984 3003 in
1009 2942 1097 3021 Capi·

149 3047 255 3106 tolium
279 3046 363 3105 faces
390 3047 469 3105 ferre
494 3046 625 3106 velleti'
677 3028 868 3121 ‘Numquam
896 3041 1041 3101 voluisset
1066 3040 1096 3101 id

150 3144 282 3220 quidem,
307 3143 372 3216 sed,
397 3142 423 3202 si
447 3142 601 3215 voluisset,
625 3139 812 3219 paruissem!
853 3137 982 3212 Videtis,
1006 3155 1096 3216 quam

150 3241 268 3299 nefaria
290 3258 358 3299 vox.
402 3241 440 3299 Et
454 3238 575 3299 hercule
598 3239 640 3298 ita
652 3238 734 3312 fecit,
749 3238 797 3297 vel
815 3235 884 3315 plus
899 3234 990 3296 etiam
1005 3252 1095 3313 quam

150 3337 242 3396 dixit:
264 3357 326 3396 non
348 3336 428 3395 enim
453 3335 551 3412 paruit
573 3335 623 3395 ille
638 3334 685 3394 Ti.
701 3334 832 3394 Gracchi
854 3331 1025 3403 temeritati,
1042 3330 1097 3404 sed

150 3433 288 3513 praefuit,
304 3451 361 3492 nec
375 3450 408 3493 se
422 3432 563 3492 comitem
579 3430 659 3490 illius
675 3430 793 3505 furoris,
809 3430 865 3491 sed
885 3431 993 3490 ducem
1015 3445 1097 3506 prae·
