2602 3864
201 235 241 298 32
303 275 306 281 .
590 233 761 289 inuitus
987 232 1144 303 [xxrtrs

199 411 230 460 et
258 401 418 479 diligendis
447 411 479 461 et
506 403 661 478 colendis3
697 402 900 481 praepostens
928 403 1008 461 enim
1036 404 1147 462 utimur

199 499 334 557 consiliis
348 509 379 556 et
394 510 461 557 acta
476 500 599 576 agimus
616 500 698 575 quod
713 512 848 559 vetamur
862 510 963 558 vetere
978 500 1146 576 proverbio.

200 595 288 667 Nam,
305 595 449 672 implicati
464 597 542 654 ultro
557 606 587 655 et
601 596 676 655 citro
692 597 738 655 vel
753 617 810 657 usu
832 597 973 656 diuturno
988 598 1035 655 vel
1057 596 1147 655 etiam

200 692 314 765 officiis,
330 703 455 770 repente
470 693 502 750 in
516 693 617 752 medio
638 712 728 752 cursu
750 694 897 753 amicitias
919 703 1024 752 exorta
1046 693 1147 770 aliqua

147 790 185 848 86
199 789 365 849 offensione
394 789 627 866 disrumpimus3
672 791 819 867 (XXIII)
850 809 910 866 quo
933 790 1023 848 etiam
1052 791 1147 867 magis

199 887 400 964 vituperanda
424 896 471 946 est
490 885 532 944 rei
549 886 679 944 maxime
699 887 888 946 necessariae
913 896 999 946 tanta
1023 886 1145 983 incuria.

157 988 180 1041 ί
200 985 273 1043 Una
300 994 347 1043 est
375 984 455 1043 enim
483 983 621 1043 amicitia*
641 983 672 1040 in
700 984 790 1043 rebus
818 983 966 1056 humanis,
996 984 1034 1042 de
1063 975 1148 1042 c‘uius'

200 1081 329 1140 utilitate
357 1100 463 1140 omnes
491 1100 552 1140 uno
587 1099 638 1139 ore
667 1081 880 1155 consentiunt3
918 1098 1101 1156 quamquam
1131 1099 1148 1138 a

200 1175 302 1235 multis
324 1176 419 1234 virtus
440 1175 507 1252 ipsa
529 1175 731 1234 contemnitur
754 1185 784 1234 et
807 1173 974 1233 venditatio
998 1175 1148 1250 quaedam

201 1282 292 1348 atque
307 1273 472 1331 ostentatio
487 1290 554 1331 esse
569 1271 678 1330 dicitur
687 1293 697 1347 ;
723 1271 809 1329 multi
824 1271 944 1330 divitias
966 1270 1145 1347 despiciunt,

201 1390 277 1445 quos
292 1389 385 1447 parvo
403 1380 564 1429 contentos
585 1369 685 1428 tenuis
699 1370 796 1428 victus
817 1369 975 1444 cultusque
997 1368 1130 1427 delectat
1140 1391 1149 1443 3

199 1470 330 1527 honores
346 1486 426 1537 vero,
443 1485 569 1542 quorum
584 1466 748 1543 cupiditate
770 1466 891 1542 quidam
914 1465 1147 1538 inflammantur,

201 1585 291 1643 quam
307 1565 392 1624 multi
407 1564 449 1624 ita
469 1574 676 1635 contemnunt,
691 1573 724 1622 ut
746 1563 819 1622 nihil
841 1563 968 1637 inanius,
985 1563 1058 1622 nihil
1080 1582 1147 1622 esse

201 1663 295 1722 levius
324 1662 513 1721 existimentl
564 1663 702 1739 Itemque
723 1672 833 1733 cetera,
862 1681 940 1737 quae
966 1661 1147 1738 quibusdam

200 1760 389 1819 admirabilia
400 1761 548 1833 videntur,
560 1759 700 1836 permulti
712 1770 782 1818 sunt
794 1759 845 1835 qui
857 1779 911 1836 pro
921 1759 1015 1817 nihilo
1030 1769 1146 1836 putent.

200 1860 248 1917 De
263 1857 395 1916 amicitia
408 1876 513 1916 omnes
529 1857 567 1915 ad
582 1876 674 1914 unum
688 1857 768 1915 idem
782 1857 925 1928 sentiunt,
941 1867 972 1917 et
987 1858 1015 1916 ei
1036 1857 1087 1933 qui
1108 1859 1147 1916 ad

198 1955 428 2031 rempublicam
443 1972 476 2012 se
491 1955 691 2027 contulerunt,
708 1963 738 2012 et
753 1953 779 2012 ei
795 1953 846 2029 qui
860 1972 959 2012 rerum
974 1954 1147 2031 cognitione

198 2053 397 2130 doctrinaque
430 2053 628 2126 delectantur,
664 2062 695 2111 et
729 2052 757 2110 ei
792 2052 844 2128 qui
879 2071 965 2111 suum
994 2053 1145 2130 negotium

197 2163 307 2230 gerunt
334 2153 432 2227 otiosi,
460 2163 614 2229 postremo
643 2153 670 2211 ei
698 2153 750 2229 qui
778 2171 811 2211 se
844 2162 926 2211 totos
958 2152 1148 2211 tradiderunt

197 2253 413 2329 voluptatibus,
429 2253 495 2312 sine
513 2253 645 2311 amicitia
659 2254 751 2312 vitam
773 2272 840 2313 esse
863 2255 986 2326 nullam,
1008 2252 1033 2311 si
1055 2253 1146 2310 modo

145 2353 182 2427 87
197 2349 292 2408 velint
314 2350 416 2426 aliqua
438 2369 475 2408 ex
498 2362 582 2427 parte
606 2351 769 2411 liberaliter
791 2352 899 2411 vivere.
944 2351 1043 2427 Serpit
1065 2350 1146 2408 enim

199 2447 378 2524 nescioquo
392 2450 484 2507 modo
501 2468 555 2524 per
570 2450 703 2508 omniurn
724 2450 802 2508 vitas
824 2448 955 2507 amicitia
977 2467 1033 2507 nec
1053 2449 1146 2506 ullam

199 2545 307 2604 aetatis
332 2545 489 2629 degendae
513 2546 658 2605 rationem
685 2545 797 2622 patitur
821 2564 889 2605 esse
914 2555 1067 2620 expertem
1089 2544 1144 2612 sui.

198 2643 280 2716 Quin
309 2643 401 2701 etiam
429 2643 454 2702 si
483 2644 551 2719 quis
580 2644 742 2720 asperitate
771 2662 808 2702 ea
832 2654 879 2703 est
903 2652 934 2702 et
958 2643 1145 2701 immanitate

197 2749 331 2811 naturae,
356 2758 537 2817 congressus
561 2750 594 2799 ut
618 2741 772 2799 hominum
796 2740 892 2818 fugiat
920 2749 1010 2815 atque
1039 2739 1144 2810 oderit,

197 2836 317 2910 qualem
332 2836 426 2896 tuisse
442 2837 571 2895 Athenis
586 2838 735 2895 Timonen
747 2836 850 2895 nescio
863 2854 951 2912 quem
964 2835 1144 2911 accepimus,

196 2940 298 2990 tamen
315 2931 340 2991 is
354 2932 417 3008 pati
433 2952 494 2991 non
509 2933 613 3008 possit,
629 2943 663 2992 ut
677 2953 738 2991 non
754 2933 893 3008 anquirat
908 2932 1047 3007 aliquem,
1064 2931 1146 3008 apud

198 3045 286 3103 quem
303 3038 424 3087 evomat
438 3029 519 3088 virus
541 3029 713 3089 acerbitatis
733 3048 816 3088 suae.
861 3031 960 3106 Atque
983 3029 1041 3087 hoc
1063 3048 1145 3086 max-

198 3121 256 3180 ime
271 3122 461 3194 iudicaretur,
477 3122 501 3181 si
517 3123 589 3198 quid
605 3123 665 3182 tale
680 3123 775 3200 possit
790 3123 973 3201 contingere,
989 3131 1022 3181 ut
1037 3123 1145 3199 aliquis

198 3238 254 3278 nos
279 3220 354 3278 deus
378 3237 416 3278 ex
440 3220 498 3278 hac
526 3220 682 3279 hominum
709 3220 881 3297 frequentia
908 3221 1029 3279 tolleret
1056 3230 1087 3279 et
1114 3220 1145 3279 in
1240 3286 1247 3295 ¹

197 3316 359 3375 solitudine
394 3316 512 3391 uspiam
547 3318 711 3376 collocaret
744 3328 835 3394 atque
867 3317 917 3382 ibi,
946 3317 1145 3394 suppeditans

197 3413 331 3472 omnium
346 3432 454 3488 rerum,
470 3432 547 3490 quas
569 3424 677 3472 natura
696 3415 858 3488 desiderat,
875 3414 1093 3474 abundantiam
1114 3398 1145 3472 et
