2602 3864
229 225 269 272 22
610 219 780 274 Laetius
1050 217 1126 290 [xv.
1144 231 1174 287 55

226 407 341 497 parare,
361 408 439 464 quae
462 400 607 468 parantur
628 389 766 466 pecunia,
789 407 885 464 equos
909 387 1038 449 famulos
1060 399 1175 449 vestem

226 486 377 565 egregiam
398 506 471 546 vasa
487 487 638 564 pretiosa:
675 486 788 545 amicos
812 506 873 545 non
897 505 1013 563 parare,
1031 486 1175 563 optimam

226 595 256 643 et
283 585 514 661 pulcherrimam
550 585 637 657 vitae,
667 595 709 643 ut
728 583 770 642 ita
797 584 905 657 dicam,
934 584 1176 683 supllectilem?

227 681 347 741 Etenim
375 692 476 741 cetera
503 700 571 740 cum
600 690 718 758 parant,
741 681 809 740 cui
817 690 925 757 parent
951 665 1091 750 nesciunt
1120 700 1176 739 nec

226 780 311 838 cuius
336 798 428 839 causa
451 779 610 852 laborent;
639 777 704 838 eius
725 778 805 836 enim
825 788 874 838 est
895 778 1021 838 istorum
1042 778 1176 854 quidque

226 875 278 952 qui
305 875 377 934 vicit
403 874 534 948 viribus;
568 873 766 935 amicitiarum
793 894 850 956 sua
878 875 985 951 cuique
1020 886 1177 952 permanet

226 971 344 1032 stabilis
368 980 399 1030 et
422 981 504 1031 certa
527 971 690 1048 possessio,
715 981 748 1029 ut
772 971 863 1030 etiam
892 972 917 1030 si
945 972 996 1030 illa
1024 981 1176 1043 maneant,

226 1086 303 1143 quae
326 1078 396 1128 sunt
420 1067 507 1144 quasi
526 1069 608 1126 dona
631 1069 779 1139 fortunae,
800 1078 902 1129 tamen
925 1069 987 1128 vita
1009 1068 1123 1128 inculta
1147 1054 1177 1126 et

227 1165 348 1223 deserta
368 1165 408 1224 ab
431 1165 537 1224 amicis
559 1183 621 1223 non
643 1165 739 1240 possit
760 1183 827 1225 esse
843 1166 983 1226 iucunda.
1025 1166 1087 1224 Sed
1102 1166 1177 1224 haec

227 1261 384 1320 hactenus·

175 1358 210 1434 56
265 1359 353 1417 XVl.
394 1358 609 1418 Constituendi
624 1369 725 1418 autem
740 1367 819 1430 sunt,
836 1358 887 1435 qui
908 1359 970 1419 sint
991 1359 1022 1418 in
1044 1359 1176 1419 amicitia

96 1442 100 1447 ¹
226 1454 302 1513 fines
322 1464 352 1515 et
375 1455 461 1531 quasi
476 1455 595 1541 termini
613 1456 767 1531 diligendi.
812 1457 860 1516 De
881 1456 991 1533 quibus
1013 1457 1065 1516 tris
1086 1457 1177 1516 video

226 1553 393 1612 sententias
408 1553 486 1625 terri,
503 1544 628 1629 quarum
645 1553 758 1611 nullam
775 1554 888 1629 probo:
910 1572 1010 1626 unam,
1023 1565 1055 1614 ut
1067 1555 1176 1614 eodem

227 1650 318 1708 modo
332 1667 404 1729 erga
419 1650 547 1708 amicum
563 1649 664 1708 affecti
679 1650 773 1710 simus
785 1671 845 1727 quo
857 1670 930 1729 erga
941 1662 1060 1711 nosmet
1075 1653 1156 1728 ipsos
1168 1673 1177 1726 ;

227 1746 362 1819 alteram,
378 1757 411 1806 ut
426 1756 529 1806 nostra
545 1747 575 1805 in
597 1747 710 1807 amicos
732 1748 945 1808 benevolentia
966 1749 1083 1808 illorum
1106 1767 1182 1825 erga

228 1860 284 1899 nos
311 1841 544 1901 benevolentiae
573 1841 685 1918 pariter
720 1843 946 1920 aequaliterque
974 1844 1178 1920 respondeat3

228 1937 355 2010 tertiam,
379 1947 420 2010 ut,
444 1937 550 2013 quanti
571 1937 754 2014 quisque'se
775 1939 839 2014 ipse
862 1939 942 2011 iacit,
966 1941 1041 2000 tanti
1063 1941 1115 2000 fiat
1138 1935 1200 2000 ab*

174 2049 210 2110 57
227 2034 339 2093 amicis.
384 2036 502 2092 Harum
527 2034 614 2093 trium
643 2034 860 2094 sententiarum
890 2037 963 2094 nulli
987 2056 1108 2123 QES
1132 2056 1178 2096 as·

227 2132 351 2191 sentior.
400 2133 467 2191 Nec
489 2132 569 2189 enim
595 2132 647 2190 illa
669 2132 766 2208 prima
788 2151 858 2191 vera
880 2143 935 2206 est,
959 2143 1001 2206 ut,
1025 2153 1114 2210 quem
1137 2135 1176 2194 ad

227 2226 352 2285 modurn
377 2227 407 2285 in
436 2246 468 2285 se
497 2229 633 2304 quisque,
663 2229 707 2287 sic
734 2228 765 2286 in
793 2229 921 2288 amicum
950 2230 989 2289 sit
1017 2231 1175 2291 animatus.

228 2324 328 2397 Quam
350 2325 445 2383 multa
466 2324 554 2398 enim,
570 2344 648 2401 quae
664 2335 767 2384 nostra
782 2344 873 2384 causa
889 2345 1050 2402 numquam
1067 2327 1178 2386 lacere.-

227 2439 303 2494 mus,
332 2421 460 2480 facimus
485 2440 578 2480 causa
601 2422 782 2482 amicorum!
833 2424 954 2483 Precari
979 2423 1018 2482 ab
1042 2423 1175 2502 indigno,

227 2517 406 2593 supplicare,
422 2527 485 2577 tum
501 2519 638 2578 acerbius
654 2519 683 2577 in
699 2519 831 2596 aliquem
853 2519 954 2579 invehi
975 2520 1177 2597 insectarique

227 2615 446 2687 vehementius,
470 2635 547 2692 quae
570 2616 600 2675 in
623 2617 734 2675 nostris
755 2616 845 2675 rebus
868 2636 928 2675 non
950 2617 1024 2677 satis
1040 2618 1176 2691 honeste,

228 2710 258 2768 in
282 2710 444 2768 amicorum
469 2712 545 2771 fiunt
564 2712 776 2771 honestissime
788 2734 796 2785 ;
830 2713 1002 2789 multaeque
1024 2733 1072 2772 res
1096 2725 1175 2787 sunt,

228 2807 257 2864 in
274 2807 389 2882 quibus
399 2808 437 2866 de
454 2808 517 2868 suis
538 2809 707 2868 commodis
728 2810 781 2866 viri
804 2809 878 2868 boni
900 2811 994 2869 multa
1014 2811 1177 2870 detrahunt

227 2904 407 2980 detrahique
436 2905 599 2980 patiuntur,
629 2916 662 2963 ut
689 2907 733 2964 eis
762 2906 850 2964 amici
880 2907 980 2982 potius
1006 2927 1096 2983 quarn
1120 2907 1176 2984 ipsi

175 3004 211 3081 58
228 3001 374 3060 fruantur.
416 3002 521 3060 Altera
540 3002 692 3060 sententia
713 3013 767 3075 est,
789 3021 867 3079 quae
889 3003 994 3063 definit
1015 3003 1177 3063 amicitiam

227 3097 352 3175 paribus
374 3098 479 3157 officiis
494 3117 529 3157 ac
544 3098 760 3158 voluntatibus.
804 3101 875 3158 Hoc
891 3099 1013 3174 quidem
1028 3110 1074 3159 est
1089 3100 1177 3159 nimis

228 3195 335 3272 exigue
350 3205 380 3255 et
395 3195 511 3254 exiliter
530 3194 570 3253 ad
591 3195 725 3254 calculos
746 3214 855 3254 vocare
877 3195 1047 3268 amicitiam,
1069 3206 1102 3255 ut
1122 3215 1178 3273 par

228 3291 267 3351 sit
295 3292 372 3350 ratio
399 3302 590 3368 acceptorum
619 3302 651 3350 et
678 3292 828 3351 datorum.
885 3293 1015 3352 Divitior
1041 3293 1113 3351 mihi
1146 3304 1177 3352 et

229 3388 398 3446 affluentior
429 3388 548 3447 videtur
576 3407 643 3448 esse
671 3407 743 3448 vera
771 3389 903 3450 amicitia
931 3408 986 3449 nec
1014 3390 1176 3449 observare
