2602 3864
211 245 248 306 18
550 260 722 313 inanius
1022 255 1152 327 [X11.43

116 348 138 435 l

206 424 324 485 satione
347 425 496 486 amicitiae
518 427 650 504 tegenda
667 436 799 499 nonest,
815 427 868 485 sed
886 424 987 502 potius
1003 429 1151 504 supplicio

204 522 287 580 omni
306 522 489 583 vindicanda
511 534 565 597 est,
581 534 614 582 ut
639 542 676 582 ne
701 523 768 599 quis
783 542 961 582 concessum
981 534 1067 598 putet
1081 527 1152 583 ami·

203 636 272 676 cum
283 618 331 678 vel
343 619 454 679 bellum
465 621 581 697 patriae
591 620 770 679 inferentem
782 620 877 696 sequi.
912 619 1003 692 Quod
1019 623 1148 697 quidem,

203 724 237 772 ut
261 733 309 774 res
334 715 376 775 ire
401 717 510 793 coepit,
525 716 608 775 haud
627 716 691 775 scio
711 736 749 775 an
765 717 930 793 aliquando
945 718 1075 777 futurum
1092 720 1150 779 sit:

202 811 275 869 mihi
298 822 397 872 autem
422 833 484 872 non
508 812 616 871 minori
638 830 728 871 curae
756 822 812 884 est,
833 813 931 888 qualis
956 833 1004 874 res
1029 815 1150 892 publica

202 918 273 984 post
287 920 413 967 mortem
429 928 525 968 meam
541 910 642 968 lutura
657 909 705 981 sit,
721 927 812 985 quam
830 909 928 985 qualis
943 911 1034 970 hodie
1049 910 1096 971 sit.

149 1024 188 1077 44
241 1006 334 1064 XIII.
376 1007 465 1064 Haec
480 1005 569 1083 igitur
587 1005 684 1081 prima
698 1005 747 1063 lex
769 1005 919 1065 amicitiae
941 1007 1101 1080 sanciatur,
1117 1017 1150 1067 ut

202 1101 241 1160 ab
264 1101 368 1161 amicis
392 1103 522 1162 honesta
543 1113 691 1179 petamus,
718 1101 883 1160 amicorum
906 1121 1000 1162 causa
1022 1104 1149 1163 honesta

201 1198 356 1272 faciamus,
383 1217 421 1257 ne
444 1209 656 1276 exspectemus
682 1198 804 1274 quidem
828 1198 900 1258 dum
925 1218 1071 1278 rogemur,
1090 1212 1150 1260 stu·

201 1294 284 1354 dium
309 1314 428 1372 semper
452 1296 540 1370 adsit,
566 1294 720 1354 cunctatio
746 1294 834 1369 absit,
861 1297 1019 1355 consilium
1045 1317 1147 1357 verum

202 1391 275 1451 dare
296 1393 462 1452 audeamus
483 1393 585 1465 libere,
608 1391 769 1468 plurimum
787 1392 818 1450 in
834 1393 965 1452 amicitia
986 1394 1148 1453 amicorum

201 1489 280 1547 bene
295 1489 487 1550 suadentium
502 1490 601 1548 valeat
618 1488 791 1562 auctoritas,
808 1507 904 1566 eaque
919 1500 950 1548 et
971 1491 1148 1549 adhibeatur

201 1586 240 1644 ad
261 1586 446 1645 monendum
467 1606 529 1645 non
550 1585 642 1644 modo
664 1596 777 1661 aperte,
793 1587 848 1645 sed
870 1587 959 1645 etiam
983 1587 1099 1662 acriter,
1122 1589 1148 1649 si

147 1699 184 1761 45
201 1701 249 1742 res
264 1683 437 1760 postulabit,
453 1693 484 1742 et
499 1682 653 1741 adhibitae
668 1692 818 1758 pareatur.
861 1684 939 1742 Nam
957 1683 1145 1760 quibusdam,

200 1798 278 1856 quos
303 1779 393 1838 audio
416 1780 570 1856 sapientes
588 1777 709 1838 habitos
724 1779 754 1837 in
770 1779 907 1852 Graecia,
923 1780 1073 1857 placuisse
1087 1782 1148 1858 opi·

201 1895 256 1934 nor
278 1875 426 1935 mirabilia
447 1875 713 1952 quaedam—sed
737 1876 811 1934 nihil
834 1886 889 1948 est,
912 1877 994 1954 quod
1018 1878 1061 1936 illi
1086 1898 1147 1937 non

199 1985 420 2050 persequantur
445 1972 738 2050 argutiis-partim
764 1973 924 2050 fugiendas
949 1991 1017 2033 esse
1041 1975 1147 2034 nlmias

200 2069 355 2143 amicitias,
385 2088 423 2128 ne
452 2088 577 2128 necesse
612 2069 652 2128 sit
682 2088 774 2127 unum
808 2069 969 2128 sollicitum
995 2088 1062 2128 esse
1091 2089 1146 2146 pro

199 2166 335 2245 pluribus
346 2188 355 2240 3
382 2166 456 2226 satis
468 2184 618 2243 superque
631 2184 697 2225 esse
713 2165 770 2224 sibi
782 2184 902 2224 suarum
915 2165 1023 2242 cuique
1038 2184 1144 2240 rerum,

199 2264 305 2323 alienis
320 2263 409 2323 nimis
420 2263 567 2340 implicari
580 2263 740 2322 molestum
753 2280 821 2320 esse
833 2283 842 2336 ;
869 2261 1145 2320 commodissimum

198 2381 266 2423 esse
291 2381 381 2440 quam
407 2361 576 2420 laxissimas
594 2360 737 2439 ¹habenas
760 2359 871 2418 habere
896 2357 1053 2431 amicitiae,
1070 2377 1145 2434 quas

197 2462 245 2520 vel
268 2460 403 2520 adducas
425 2478 495 2519 curn
510 2442 837 2530 velisutff'r‘einittaffi
863 2465 955 2532 caput
976 2455 1055 2513 enim
1077 2474 1145 2515 esse

197 2560 236 2619 ad
262 2561 350 2619 beate
378 2558 539 2617 vivendum
566 2554 768 2638 securitatem,
795 2572 856 2630 qua
879 2552 938 2610 frui
963 2571 1023 2612 non
1047 2553 1146 2629 possit

144 2657 182 2730 46
197 2657 324 2730 animus,
340 2656 365 2717 si
380 2666 534 2733 tamquam
550 2652 698 2731 parturiat
713 2669 791 2709 unus
806 2668 862 2726 pro
877 2649 1020 2726 pluribus.
1057 2649 1144 2708 Alios

197 2765 297 2813 autern
331 2755 431 2813 dicere
465 2753 548 2811 aiunt
577 2750 672 2809 multo
700 2747 791 2807 etiarn
824 2745 1026 2816 inhumanius,
1055 2763 1143 2820 quem

196 2848 296 2907 locum
324 2848 455 2907 breviter
483 2846 575 2924 paulo
605 2855 675 2903 ante
705 2839 875 2920 perstrinxi,
903 2839 1035 2916 praesidi
1063 2838 1144 2896 adiu-

196 2945 351 3021 mentique
385 2963 485 3015 causa,
516 2962 576 3001 non
611 2937 844 3000 benevolentiae
878 2952 977 3011 neque
1011 2935 1143 2993 caritatis

196 3041 344 3101 amicitias
359 3059 427 3099 esse
443 3039 649 3116 expetendas:
679 3036 782 3113 itaque
797 3043 830 3091 ut
845 3032 973 3108 quisque
988 3032 1142 3089 minimum

195 3138 345 3198 firmitatis
373 3137 498 3196 haberet
530 3135 747 3210 minimumque
782 3130 898 3202 virium,
928 3129 970 3187 ita
997 3127 1142 3187 amicitias

195 3245 337 3312 appetere
353 3233 502 3293 maxime:
531 3250 568 3292 ex
583 3251 620 3291 eo
635 3230 699 3290 lieri
714 3238 747 3288 ut
762 3225 956 3287 mulierculae
971 3224 1067 3302 magis
1084 3244 1144 3283 arn·

195 3330 342 3391 icitiarum
364 3331 516 3408 praesidia
535 3337 682 3406 quaerant
698 3346 789 3403 quarn
804 3325 868 3397 viri,
884 3333 914 3383 et
929 3323 1036 3400 inopes
1052 3341 1141 3398 quarn

143 3443 178 3504 47
195 3427 340 3505 opulenti,
355 3439 386 3488 et
407 3426 575 3487 calamitosi
591 3443 680 3502 quarn
696 3423 723 3483 ei
744 3423 795 3500 qui
815 3431 960 3499 putentur
981 3419 1072 3479 beati.
1114 3418 1142 3478 Ο
