2602 3864
200 257 219 318 8
545 265 715 319 ruamus
1050 264 1144 335 [urs

198 457 255 515 ego
270 438 368 498 dicam
385 439 420 497 C.
438 436 616 509 Fabricium,
633 437 686 494 M’.
703 435 835 508 Curium,
851 437 878 494 T
880 436 898 495 i.
912 436 1144 508 Coruncanium,

198 554 275 610 quos
300 536 445 610 sapientis
470 534 565 593 nostri
590 533 720 592 maiores
748 533 931 606 iudicabant,
954 533 994 591 ad
1019 533 1142 592 istorum

197 651 332 690 normam
352 632 447 691 fuisse
467 631 621 708 sapientis.
664 631 734 705 Qua
752 649 784 690 re
802 630 859 690 sibi
878 631 1012 690 habeant
1026 631 1146 707 sapien·

197 729 257 787 tiae
281 749 391 788 nomen
414 739 445 788 et
467 728 647 787 invidiosum
670 738 701 787 et
723 727 893 801 obscurum,
918 728 1089 786 concedant
1111 739 1144 787 ut

196 825 251 884 viri
266 827 338 886 boni
357 825 478 884 fuerint.
520 826 569 884 Ne
590 825 621 882 id
643 824 764 900 quidem
779 824 911 897 lacient3
937 825 1092 902 negabunt
1113 824 1144 883 id

147 943 182 1001 19
197 923 256 981 nisi
277 922 407 999 sapienti
429 941 519 998 posse
541 922 677 980 concedi.
720 923 855 998 Agamus
878 921 967 998 igitur
983 919 1095 998 pingui,
1111 932 1144 980 ut

198 1018 289 1090 aiunt,
303 1019 451 1076 Minerva.
493 1017 576 1090 Qui
569 1030 610 1076 ita
627 1036 660 1077 se
679 1026 794 1094 gerunt,
808 1018 849 1076 ita
864 1018 976 1089 vivunt
978 1000 1142 1076 *liternum

197 1114 341 1191 probetur
362 1115 438 1173 fides
459 1114 615 1191 integritas
637 1114 774 1190 aequitas
795 1114 967 1186 liberalitas,
984 1131 1041 1173 nec
1060 1113 1098 1172 sit
1114 1113 1144 1170 in

197 1211 241 1270 eis
254 1211 315 1269 ulla
326 1211 474 1287 cupiditas
490 1210 582 1268 libido
598 1210 734 1281 audacia,
747 1210 866 1286 sintque
882 1215 993 1287 magna
1006 1221 1145 1269 constan·
1147 1185 1271 1290 alvu-,lii

198 1308 248 1381 tra,
264 1318 297 1367 ut
311 1327 338 1366 er
331 1308 482 1378 ',iuerunt
498 1308 590 1366 modo
605 1326 682 1383 quos
697 1306 858 1379 nominavi,
870 1307 968 1365 hos
941 1324 1021 1366 v1ros
1036 1305 1143 1378 bonos,

197 1415 231 1464 ut
246 1405 340 1465 habiti
359 1416 438 1477 sunt,
453 1405 497 1464 sic
516 1404 607 1463 etiarn
627 1402 827 1480 appellandos
845 1413 994 1480 putemus,
1011 1402 1081 1478 quia
1101 1421 1145 1462 se-

198 1512 337 1577 quantur,
356 1512 502 1577 quantum
522 1501 660 1559 homines
683 1509 818 1576 possunt,
840 1509 977 1558 naturam
999 1500 1144 1577 optimam

197 1599 276 1657 bene
290 1599 411 1656 vivendi
425 1598 541 1657 ducem.
585 1596 634 1656 Sic
654 1597 732 1655 enim
753 1597 826 1654 mihi
845 1596 1015 1674 perspicere
1031 1596 1143 1669 videor,

198 1695 241 1753 ita
256 1704 344 1753 natos
366 1713 432 1753 esse
455 1713 519 1766 nos,
535 1703 568 1752 ut
589 1695 667 1753 inter
688 1693 787 1752 omnis
809 1703 889 1753 esset
904 1693 1032 1752 societas
1054 1712 1144 1769 quae·

199 1792 280 1864 dam,
296 1791 392 1849 maior
406 1800 515 1863 autem,
531 1801 563 1850 ut
584 1790 711 1867 quisque
727 1791 862 1867 proxime
877 1779 1065 1877 accederet]
1086 1792 1145 1848 Ita·

199 1905 259 1962 que
286 1887 367 1944 cives
394 1886 527 1962 potiores
555 1904 646 1961 quam
675 1884 833 1961 peregrini,
861 1884 1021 1960 propinqui
1053 1904 1143 1960 quam

199 1982 308 2056 alieni,
336 2001 403 2041 cum
420 1982 466 2040 his
481 1981 559 2039 enirn
576 1981 736 2039 amicitiam
752 1992 859 2038 natura
874 1980 939 2056 ipsa
954 1979 1078 2058 peperit,
1090 1981 1144 2040 sed

197 2098 235 2139 ea
259 2079 417 2139 nonsatis
442 2080 535 2138 habet
557 2077 715 2138 firmitatis.
758 2080 898 2154 Namque
923 2079 982 2137 hoc
1009 2087 1144 2154 praestat
1178 2090 1186 2133 j

199 2176 330 2236 amicitia
355 2176 580 2252 propinquitati,
605 2176 686 2251 quod
709 2193 746 2234 ex
769 2175 994 2253 propinquitate
1016 2177 1145 2236 benevo-

199 2275 291 2334 lentia
305 2274 370 2334 tolli
385 2284 495 2352 potest,
508 2293 545 2332 ex
560 2273 691 2332 amicitia
706 2291 767 2331 non
782 2282 902 2348 potest;
930 2273 1050 2333 sublata
1063 2273 1144 2332 enim

197 2373 411 2433 benevolentia
438 2372 587 2431 amicitiae
616 2390 726 2430 nornen
758 2371 880 2443 tollitur,
910 2352 1144 2448 propinquitatis

145 2489 183 2528 20
199 2480 310 2529 manet.
352 2470 476 2544 Quanta
490 2479 590 2528 autem
605 2469 650 2528 vis
666 2468 814 2527 amicitiae
830 2469 869 2528 sit
883 2487 920 2527 ex
939 2469 997 2528 hoc
1011 2468 1144 2544 intellegi

198 2567 326 2626 maxime
346 2577 455 2643 potest,
478 2567 560 2642 quod
582 2583 620 2624 ex
642 2566 759 2625 infinita
781 2567 927 2625 societate
949 2565 1068 2644 generis
1090 2566 1144 2623 hu-

198 2663 287 2735 mani,
303 2683 393 2740 quam
409 2663 602 2723 conciliavit
595 2682 662 2739 ipsa
677 2675 792 2734 natura,
809 2663 852 2721 ita
865 2672 1022 2721 contracta
1036 2680 1083 2720 res
1098 2670 1145 2721 est

198 2770 228 2819 et
243 2761 356 2819 adduct
344 2770 375 2819 ta
390 2760 418 2817 in
435 2770 545 2837 angust
546 2779 606 2828 um,
621 2770 654 2818 ut
669 2759 766 2818 omnis
781 2760 891 2817 caritas
906 2769 957 2817 aut
976 2758 1054 2816 inter
1067 2759 1144 2817 duos
1167 2776 1186 2817 s

198 2866 250 2915 aut
274 2856 317 2915 int
319 2876 352 2914 er
375 2876 489 2932 paucos
514 2857 696 2934 iungeretur.
738 2857 794 2913 VI.
831 2857 885 2913 Est
909 2854 988 2911 enim
1015 2854 1185 2913 amicitia.

198 2952 271 3010 nihil
284 2953 409 3012 aliud
381 2953 437 3011 nisi
449 2954 580 3011 omnium
593 2953 760 3010 divinarum
776 2953 1034 3025 humanarumque
1046 2970 1144 3009 rerum

198 3068 266 3108 cum
278 3050 490 3108 benevolentia
502 3059 532 3108 et
543 3049 667 3107 caritate
678 3047 848 3117 consensio,
859 3067 919 3123 qua
930 3047 1050 3121 quidem
1063 3048 1144 3106 haud

199 3147 262 3205 scio
283 3166 320 3204 an
342 3157 469 3223 excepta
489 3146 637 3222 sapientia
659 3145 700 3203 nil
725 3145 884 3220 quicquam
905 3145 1011 3203 melius
1031 3144 1144 3203 homini

198 3245 238 3303 sit
252 3265 270 3303 a
285 3244 331 3304 dis
346 3244 564 3303 immortalibus
579 3244 694 3302 datum.
736 3242 865 3300 Divitias
881 3242 930 3300 alii
945 3249 1143 3318 praeponunt,

198 3343 310 3401 bonam
336 3343 386 3400 alii
410 3341 623 3414 valetudinem,
650 3339 699 3398 alii
724 3340 899 3416 potentiam,
925 3339 975 3398 alii
1003 3341 1144 3410 honores,

199 3440 285 3499 multi
307 3439 398 3499 etiam
422 3439 601 3515 voluptates.
644 3438 804 3496 Beluarum
826 3438 885 3497 hoc
907 3437 1029 3515 quidem
1054 3447 1143 3496 extre·
