2602 3864
148 259 326 329 xv111.65]
486 257 542 310 us
568 255 772 310 unicum.
1054 253 1094 320 25

148 441 233 508 parte
256 429 412 507 proposita
433 429 510 486 baec
531 427 601 500 sint,
622 445 661 485 ex
681 424 777 484 altera
797 423 844 484 ius
859 422 1018 496 amicitiae,
1033 442 1095 482 non

147 529 242 587 multo
257 528 308 586 illa
323 526 448 586 malint?
491 524 650 584 Imbecilla
666 521 746 581 enirn
768 531 815 581 est
837 531 945 580 natura
966 522 1006 580 ad
1026 541 1096 581 con·

147 627 340 684 temnendam
356 622 522 700 potentiam
536 644 543 680 :
569 639 659 696 quam
673 618 764 678 etiam
775 618 801 677 si
813 619 950 696 neglecta
964 618 1097 678 amicitia

147 721 302 781 consecuti
316 721 384 792 sint,
398 719 592 779 obscuratum
610 715 645 774 iri
660 715 851 787 arbitrantur,
867 714 940 791 quia
954 734 1016 774 non
1030 715 1096 775 sine

147 839 256 897 magna
270 837 362 878 causa
376 817 415 877 sit
437 817 576 894 neglecta
597 812 740 872 amicitia.
785 812 894 888 Itaque
909 800 1005 871 ¹verae
1027 813 1097 871 ami·
1111 814 1150 887 64

146 916 234 975 citiae
257 915 430 977 difficillime
450 913 639 991 reperiuntur
662 910 692 968 in
717 909 770 983 eis,
796 909 849 987 qui
873 909 905 967 in
929 909 1096 970 honoribus
1117 957 1140 988 l

146 1032 238 1089 reque
272 1012 393 1089 publica
420 1019 587 1069 versantur.
631 1007 694 1067 Ubi
722 1006 803 1066 enim
829 1006 919 1066 istum
948 1004 1095 1079 invenias,

147 1110 198 1186 qui
225 1111 370 1169 honorem
398 1108 486 1167 amici
511 1115 678 1184 anteponat
702 1106 776 1164 suo?
826 1104 931 1179 Quid?
961 1106 1038 1165 haec
1063 1115 1097 1164 ut

146 1206 290 1279 omittam,
306 1225 395 1282 quam
411 1224 526 1283 graves,
538 1223 629 1282 quam
640 1201 777 1263 difficiles
789 1201 942 1278 plerisque
954 1202 1095 1262 videntur

145 1303 350 1362 calamitatum
365 1302 534 1375 societates,
551 1301 590 1360 ad
610 1320 686 1378 quas
709 1319 768 1359 non
791 1309 838 1358 est
859 1298 949 1359 iacile
970 1299 1096 1359 inventu

146 1399 198 1475 qui
212 1399 409 1459 descendant.
451 1400 645 1477 Quamquam
661 1397 776 1457 Ennius
791 1406 892 1457 recte:

324 1553 433 1610 amicus
446 1558 539 1610 certus
552 1552 586 1610 in
600 1571 632 1610 re
644 1552 750 1609 incerta
763 1551 894 1609 cernitur
901 1573 914 1618 ,·

146 1711 247 1761 tamen
262 1703 338 1761 haec
352 1701 412 1761 duo
434 1700 564 1762 levitatis
586 1712 618 1762 et
638 1700 819 1761 infirmitatis
841 1700 1002 1778 plerosque
1024 1720 1095 1761 con·

146 1800 277 1873 vincunt,
293 1800 384 1858 autsi
399 1800 532 1860 inbonis
547 1800 637 1859 rebus
658 1809 857 1859 contemnunt
878 1808 930 1857 aut
952 1799 983 1857 in
1007 1798 1094 1859 malis

148 1896 298 1955 deserunt.
340 1897 400 1970 Qui
416 1897 504 1974 igitur
519 1908 646 1973 utraque
661 1897 691 1954 ln
707 1913 738 1953 re
758 1915 880 1972 gravem
902 1906 1095 1957 constantem

149 1994 286 2052 stabilem
314 2013 346 2053 se
372 1995 401 2052 in
427 1994 558 2053 amicitia
580 1992 772 2070 praestiterit,
799 1994 879 2053 hunc
902 2012 940 2053 ex
965 1995 1094 2053 maxime

150 2109 216 2148 raro
247 2109 356 2168 genere
391 2091 546 2150 hominum
581 2090 714 2148 iudicare
749 2089 896 2151 debemus
931 2101 962 2152 et
995 2109 1094 2169 paene

151 2187 257 2245 divino.

190 2285 308 2344 XVIII.
359 2285 594 2344 Firmamentum
623 2293 723 2344 autem
736 2348 738 2351 ,
751 2285 926 2346 stabilitatis
953 2296 1094 2346 constan·
1108 2287 1144 2364 65

152 2382 267 2458 tiaeque
295 2393 341 2442 est
368 2382 433 2441 eius
461 2401 550 2457 quam
579 2383 610 2440 ln
638 2382 770 2441 amicitia
799 2384 972 2460 quaerirnus
1006 2383 1092 2444 fides.

152 2479 301 2538 Nihil-est
323 2479 401 2538 enirn
424 2477 541 2548 stabile,
563 2478 646 2554 quod
669 2478 795 2538 infidum
819 2488 875 2539 est.
919 2480 1092 2557 Simplicem

151 2586 304 2653 praeterea
322 2585 352 2635 et
372 2592 562 2634 communem
584 2583 616 2634 et
637 2575 887 2648 consentientem,
911 2575 941 2635 id
964 2586 1020 2650 est,
1041 2576 1093 2654 qui

152 2673 238 2732 rebus
258 2671 352 2732 isdem
375 2680 539 2744 moveatur,
553 2669 631 2748 elegi
652 2690 708 2748 par
721 2682 768 2731 est
778 2694 787 2747 ;
806 2691 884 2749 quae
906 2673 1009 2732 omnia
1028 2692 1094 2751 per.-

151 2769 245 2829 tiuent
265 2770 303 2829 ad
326 2768 512 2828 fidelitatem.
555 2769 664 2846 Neque
687 2769 767 2827 enim
787 2769 879 2828 fidum
900 2779 1002 2847 potest
1024 2790 1092 2830 esse

151 2867 303 2944 multiplex
323 2866 475 2945 ingenium
493 2875 524 2926 et
545 2875 723 2939 tortuosum,
739 2885 838 2943 neque
858 2886 939 2941 vero,
959 2867 1091 2944 quinon

151 2964 243 3023 isdem
271 2965 360 3024 rebus
389 2974 526 3023 movetur
553 2973 721 3049 naturaque
749 2964 910 3037 consentit,
934 2973 986 3024 aut
1012 2965 1091 3024 lidus

152 3071 201 3121 aut
215 3061 329 3121 stabilis
344 3071 445 3138 potest
466 3079 543 3121 esse.
586 3060 771 3120 Addendum
792 3060 901 3119 eodem
922 3070 977 3132 est,
999 3071 1032 3119 ut
1053 3079 1093 3120 ne

151 3159 321 3219 criminibus
335 3167 387 3218 aut
402 3159 567 3218 inferendis
586 3158 753 3217 delectetur
774 3167 826 3216 aut
842 3157 951 3216 credat
971 3156 1091 3230 oblatis,

151 3274 226 3334 quae
247 3256 398 3332 pertinent
415 3255 517 3314 omnia
531 3255 570 3314 ad
584 3273 660 3327 eam,
676 3273 767 3330 quam
783 3253 969 3313 iamdudum
985 3261 1090 3325 tracto,

150 3354 359 3412 constantiam.
415 3354 464 3411 Ita
490 3353 525 3410 fit
552 3370 654 3410 verum
682 3351 765 3421 illud,
792 3351 875 3428 quod
902 3350 987 3408 initio
1020 3349 1092 3423 dixi,

151 3449 309 3509 amicitiam
333 3449 390 3509 nIsi
413 3449 491 3508 inter
513 3449 611 3509 bonos
634 3466 701 3507 esse
723 3467 784 3507 non
799 3465 899 3524 posse.
942 3449 997 3509 Est
1011 3449 1091 3507 enim
