2602 3864
149 227 294 300 V111.26]
505 230 561 282 DE
586 229 791 284 AMICITIA.
1055 229 1089 277 11

180 398 347 477 Qun}
368 397 441 456 mihi
455 397 560 457 videor
582 397 620 456 de
642 397 774 457 amicitia
788 396 861 473 quid
883 395 1027 456 sentirem
1041 414 1096 472 po-

146 492 240 553 tuisse
266 493 366 552 dicere
377 515 386 568 ;
412 495 437 552 si
466 512 544 569 quae
568 503 726 570 praeterea
749 492 968 553 sunt-credo
993 503 1094 551 autem

146 607 214 649 esse
238 591 431 650 multa-ab
455 590 508 663 εἰς,
533 591 559 649 si
583 590 742 664 videbitur,
767 590 819 667 qui
843 589 903 649 ista
926 589 1093 667 disputant,

146 686 323 763 quaeritote.

78 788 120 850 β’
186 784 339 843 Firmus.
380 785 447 843 Nos
462 794 562 842 autern
578 804 596 843 a
610 793 640 842 te
659 784 777 861 potius:
799 801 981 859 quamquam
1002 782 1092 841 etiam
1109 798 1145 860 ²5

97 870 111 887 '
146 880 185 939 ab
199 880 265 940 istis
279 899 371 957 saepe
392 880 528 957 quaesivi
550 891 580 939 et
602 881 703 940 audivi
726 900 787 939 non
810 880 921 939 invitus
942 878 1092 956 equidem,

145 976 200 1036 sed
215 976 296 1035 aliud
312 977 466 1053 quoddam
480 978 563 1035 filum
579 971 725 1036 orationis
740 988 819 1036 tuae.

187 1074 360 1132 Scaevoia,
402 1075 481 1130 Tum
504 1074 600 1151 magIs
622 1073 653 1132 id
676 1073 804 1142 diceres,
826 1072 932 1145 Fanni,
948 1071 974 1132 si
997 1090 1094 1150 nuper

146 1169 176 1227 in
190 1169 285 1228 hortis
309 1170 467 1246 Scipionis
483 1189 552 1229 cum
575 1181 622 1228 est
644 1171 682 1229 de
705 1188 737 1228 re
760 1169 882 1246 publica
896 1169 1092 1247 disputatum,

146 1265 293 1327 affuisses.
335 1266 443 1338 Qualis
458 1275 521 1324 tum
537 1277 683 1342 patronus
703 1265 835 1326 iustitiae
855 1266 912 1324 fuit
933 1275 1039 1325 contra
1060 1285 1108 1327 ac-

145 1372 280 1421 curatam
294 1363 461 1422 orationem
477 1363 573 1422 Philil

187 1459 342 1519 Fnuurus
385 1459 486 1518 Facile
508 1459 539 1518 id
560 1459 683 1536 quidem
697 1459 754 1518 iuit
768 1459 912 1519 iustitiam
927 1460 1093 1520 iustissimo

145 1557 209 1616 viro
225 1558 262 1616 de
264 1558 398 1616 l.endere

187 1655 359 1712 Scaevom.
402 1652 505 1725 Quid?
527 1652 688 1711 amicitiam
702 1671 804 1712 norme
819 1652 908 1712 facile
927 1653 964 1726 ei,
980 1653 1030 1729 qui
1052 1654 1093 1713 ob
1137 1637 1145 1725 i

136 1767 213 1814 ,eam
234 1768 351 1808 summa
365 1749 433 1819 fide,
449 1749 621 1808 constantia
637 1748 810 1824 iustitiaque
832 1760 981 1809 servatam
1002 1750 1093 1808 maxi·
1154 1736 1161 1777 '¹
1199 1768 1231 1776 ’-

144 1864 223 1903 mam
238 1844 364 1921 gloriam
380 1844 512 1921 ceperit?

185 1943 275 2000 VIII.
304 1942 453 1999 Laenius
495 1941 565 1998 Vim
580 1942 639 2000 hoc
658 1942 779 2017 quidem
799 1951 846 2000 est
865 1942 990 2002 afferre:
1019 1944 1091 2019 quid
1108 1947 1156 2005 26·

145 2038 225 2095 enim
254 2038 345 2096 refert
372 2056 434 2112 qua
457 2054 505 2095 me
533 2037 650 2096 ratione
675 2038 812 2114 cogatis?
855 2037 971 2115 Cogitis
1000 2050 1090 2098 certe.
1179 2026 1182 2031 ¹

145 2133 257 2192 Studiis
281 2134 362 2193 enim
389 2150 577 2210 generorum,
594 2134 770 2210 praesertim
795 2133 826 2192 in
851 2153 883 2193 re
907 2135 997 2209 bona,
1023 2154 1092 2194 cum
1193 2138 1202 2213 J

145 2230 266 2289 difficile
281 2241 327 2289 est
342 2239 403 2288 tum
419 2248 458 2288 ne
473 2247 601 2305 aequum
617 2230 739 2306 quidem
754 2231 911 2291 obsistere.
1190 2238 1195 2301 Ι,

187 2326 370 2401 Saepissime
385 2325 474 2402 igitur
491 2325 563 2383 mihi
584 2325 622 2383 de
644 2326 776 2385 amicitia
796 2327 941 2405 cogitanti
963 2329 1092 2390 maxime

146 2422 220 2480 illud
235 2421 489 2480 considerandum
503 2419 597 2480 videri
612 2421 698 2495 solet,
710 2432 810 2482 utrum
824 2435 948 2501 propter
962 2424 1093 2485 imbecil-

146 2524 260 2582 litatem
276 2531 366 2596 atque
381 2521 512 2598 inopiam
535 2522 708 2581 desiderata
721 2523 760 2581 sit
774 2523 913 2596 amicitia,
928 2532 962 2582 ut
983 2524 1092 2584 dandis

146 2617 388 2696 recipiendisque
409 2617 529 2690 meritiS,
546 2619 627 2694 quod
649 2619 777 2696 quisque
798 2619 897 2679 minus
911 2638 966 2697 per
979 2639 1012 2679 se
1027 2620 1092 2697 ipse

146 2725 258 2793 posset,
285 2715 316 2774 id
341 2714 492 2790 acciperet
514 2716 554 2774 ab
578 2715 637 2774 alio
661 2715 852 2792 vicissimque
877 2717 1026 2790 redderet,
1052 2737 1091 2777 an

147 2823 228 2873 esset
248 2814 307 2872 hoc
328 2812 449 2888 quidem
471 2812 624 2889 proprium
646 2812 804 2885 amicitiae,
820 2814 875 2872 sed
896 2814 1047 2889 antiquior
1061 2825 1093 2875 et

146 2909 299 2986 pulchrior
321 2918 351 2968 et
373 2909 469 2987 magis
492 2928 510 2968 a
532 2919 640 2968 natura
662 2910 728 2987 ipsa
749 2911 886 2986 proiecta
908 2910 968 2970 alia
989 2930 1092 2971 causa.

147 3010 243 3066 Amor
256 3006 344 3079 enim,
360 3024 398 3065 ex
412 3025 472 3082 quo
488 3007 618 3066 amicitia
637 3007 792 3067 nominata
813 3016 867 3081 est,
883 3008 1024 3085 princeps
1045 3021 1093 3068 est

147 3104 186 3163 ad
209 3102 452 3162 benevolentiam
474 3104 725 3181 coniungendam.
767 3105 847 3162 Nam
870 3104 1015 3164 utilitates
1030 3106 1093 3181 qui-

147 3199 217 3256 dem
242 3198 333 3257 etiam
354 3201 394 3258 ab
414 3199 458 3258 eis
479 3199 685 3276 percipiuntur
704 3217 804 3276 saepe,
827 3200 879 3276 qui
901 3199 1092 3259 simulatione

148 3293 298 3354 amicitiae
323 3295 461 3354 coluntur
484 3304 515 3354 et
539 3297 739 3355 observantur
759 3295 904 3373 temporis
924 3314 1017 3356 causa
1029 3317 1037 3369 ;
1059 3295 1090 3355 in

148 3389 278 3449 amicitia
290 3399 390 3450 autem
405 3391 479 3450 nihil
493 3391 603 3465 fictum,
619 3392 692 3451 nihil
708 3392 880 3452 simulatum
896 3402 943 3453 est
958 3401 996 3467 et,
1009 3392 1093 3470 quid·
