2602 3864
205 207 243 269 16
582 225 752 278 inscius
1028 223 1095 293 [xi.
1112 237 1145 292 37

198 389 270 448 buit.
316 392 423 467 Itaque
438 393 496 450 hac
511 393 652 464 amentia,
668 391 846 467 quaestione
861 411 940 451 nova
960 393 1144 469 perterritus,

198 486 229 544 in
254 486 359 545 Asiam
387 489 527 565 profugit,
554 489 593 547 ad
621 489 717 547 hostis
742 508 775 548 se
800 489 937 561 contulit,
963 508 1078 565 poenas
1103 490 1146 548 rei

197 583 337 660 publicae
362 584 463 661 gravis
491 585 645 661 iustasque
671 585 823 662 persolvit.
868 586 961 643 Nulla
986 596 1033 644 est
1057 586 1145 662 igitur

197 681 353 741 excusatio
368 681 494 758 peccati,
509 681 535 739 si
549 681 638 740 amici
657 700 750 741 causa
771 682 960 758 peccaveris:
983 701 1062 754 nam,
1077 702 1145 741 cum

198 777 386 837 conciliatrix
409 777 558 836 amicitiae
573 777 691 836 virtutis
714 778 817 854 opinio
839 778 937 851 fuerit,
964 778 1084 838 difficile
1100 787 1147 838 est

144 874 182 946 38
199 873 359 933 amicitiam
382 891 513 944 manere,
526 874 552 931 si
574 874 715 933 avirtute
737 873 893 933 deieceris.
936 873 1027 946 Quod
1046 875 1071 933 si
1086 893 1147 934 rec·

198 981 259 1029 tum
283 971 476 1030 statuerimus
501 970 549 1029 vel
563 955 740 1029 ¹concedere
764 971 868 1029 amicis
892 971 1038 1047 quidquid
1053 972 1146 1032 velint

196 1068 245 1126 vel
260 1068 420 1144 impetrare
442 1067 481 1127 ab
499 1067 543 1126 eis
561 1067 706 1143 quidquid
723 1067 858 1140 velimus,
874 1068 1009 1142 perlecta
1024 1068 1145 1145 quidem

197 1164 346 1241 sapientia
367 1165 393 1224 si
414 1164 515 1237 simuS,
532 1164 604 1221 nihil
627 1164 738 1222 habeat
759 1182 807 1223 res
824 1164 876 1222 viti
888 1186 897 1238 3
926 1165 981 1224 sed
996 1165 1147 1241 loquimur

198 1261 295 1320 decis
315 1259 427 1334 amicis,
444 1261 495 1337 qui
517 1271 588 1320 ante
609 1260 715 1320 oculos
736 1271 815 1333 sunt,
838 1279 914 1335 quos
935 1261 1073 1320 videmus
1094 1272 1146 1322 aut

197 1357 364 1435 dequibus
386 1357 560 1417 memoriam
585 1357 766 1433 accepimus,
782 1376 858 1433 quos
883 1357 967 1416 novit
989 1357 1050 1416 vita
1067 1377 1147 1416 com-

198 1457 308 1514 munis.
352 1456 396 1513 Ex
418 1456 476 1514 hoc
498 1473 622 1514 numero
644 1454 732 1513 nobis
750 1453 889 1529 exempla
903 1455 1051 1513 sumenda
1065 1466 1144 1529 sunt,

197 1561 353 1610 eteorum
378 1552 499 1627 quidem
523 1551 660 1624 maxime,
675 1551 727 1627 qui
750 1550 787 1609 ad
812 1549 990 1626 sapientiam
1009 1552 1145 1626 proxime

143 1666 181 1726 39
198 1649 354 1708 accedunt.
397 1649 544 1708 Videmus
563 1651 678 1725 Papum
693 1647 855 1706 Aemilium
881 1648 916 1707 C.
943 1648 1076 1706 Luscino
1100 1649 1145 1706 ta·

196 1745 342 1803 miliarem
364 1746 476 1805 fuisse:
498 1745 541 1804 sic
557 1765 574 1804 a
591 1745 727 1822 patribus
743 1742 923 1821 accepimus,
939 1742 986 1801 bis
1001 1762 1062 1802 una
1076 1762 1146 1802 con-

197 1841 287 1914 sules,
310 1842 443 1920 collegas
465 1843 495 1900 in
517 1861 666 1916 censura;
694 1852 756 1900 tum
778 1852 809 1901 et
829 1860 896 1900 cum
913 1839 957 1898 eis
974 1851 1005 1898 et
1019 1840 1097 1898 iuter
1111 1860 1145 1900 se

98 1994 111 2000 -
196 1938 459 1999 coniunctissimos
483 1939 578 2000 luisse
603 1941 657 1998 M’.
683 1939 817 2010 Curium,
842 1938 890 1996 Ti.
920 1937 1144 1996 Coruncanium

196 2035 358 2094 memoriae
382 2037 533 2113 proditum
559 2046 614 2096 est.
658 2036 753 2113 Igitur
781 2054 819 2094 ne
847 2033 992 2111 suspicari
1021 2034 1144 2110 quidem

196 2151 357 2207 possumus
379 2151 560 2209 quemquam
586 2135 692 2191 horum
713 2133 751 2191 ab
776 2133 873 2191 amico
899 2131 1054 2209 quidpiam
1075 2151 1145 2191 con-

195 2228 339 2301 tendisse,
355 2229 436 2304 quod
452 2241 558 2288 contra
569 2229 669 2302 fidem,
682 2240 786 2288 contra
799 2229 844 2286 ius
856 2207 1144 2301 iurandumscontra

211 2343 257 2383 em
273 2325 423 2401 publicam
439 2337 527 2385 esset.
572 2327 652 2385 Nam
667 2326 725 2384 hoc
742 2325 864 2401 quidem
886 2324 915 2383 in
939 2325 1051 2385 talibus
1072 2327 1143 2385 viris

157 2325 265 2525 §quid
289 2421 397 2480 attinet
418 2422 527 2495 dicere,
550 2422 576 2480 si
597 2422 805 2481 contendisset
830 2422 1058 2500 impetraturum
1081 2445 1143 2484 non

150 2542 161 2575 ς
193 2519 296 2592 fuisse,
313 2538 380 2578 cum
409 2519 451 2577 illi
480 2519 661 2578 sanctissimi
689 2519 744 2579 viri
771 2519 891 2594 luerint,
921 2540 1016 2598 aeque
1042 2533 1142 2581 autem

194 2615 280 2675 netas
295 2614 334 2674 sit
348 2615 408 2674 tale
420 2615 532 2691 aliquid
547 2626 578 2675 et
598 2617 698 2674 lacere
720 2628 856 2693 rogatum
879 2627 910 2678 et
931 2621 1058 2697 rogare?
1100 2623 1143 2680 At

156 2710 158 2786 ξ
193 2730 265 2772 vero
287 2711 335 2770 Ti.
356 2713 527 2771 Gracchum
549 2713 755 2789 sequebantur
770 2715 806 2774 C.
822 2714 932 2787 Carbo,
951 2717 986 2774 C.
1009 2718 1095 2788 Cato,
1112 2727 1143 2776 et

194 2809 316 2868 minime
345 2817 407 2867 tum
442 2809 563 2884 quidem
592 2809 687 2869 Gaius
716 2811 817 2884 irater,
848 2831 927 2869 nunc
954 2811 1035 2870 idem
1063 2831 1141 2871 acer-

193 2906 294 2966 rimus.

141 3023 180 3077 40
234 3005 309 3062 XII.
352 3004 441 3061 Haec
456 3002 544 3080 igitur
559 3002 606 3062 lex
621 3003 651 3062 in
667 3004 798 3064 amicitia
817 3004 978 3078 sanciatur,
994 3015 1028 3065 ut
1042 3026 1140 3083 neque

194 3118 333 3178 rogemus
348 3118 396 3159 res
417 3100 512 3176 turpis
535 3119 591 3160 nec
611 3103 759 3162 faciamus
780 3102 886 3178 rogati.
928 3104 1038 3180 Turpis
1060 3105 1140 3164 enim

194 3198 349 3258 excusatio
370 3206 417 3257 est
437 3208 468 3256 et
489 3197 611 3257 minime
631 3199 808 3276 accipienda
822 3219 890 3258 cum
906 3200 935 3258 in
951 3201 1059 3260 ceteris
1073 3220 1141 3278 pec-

193 3295 277 3369 catis,
293 3303 356 3354 tum
371 3293 397 3354 si
411 3293 480 3371 quis
501 3304 607 3355 contra
628 3315 690 3355 rem
712 3297 864 3374 publicam
885 3315 918 3355 se
939 3297 1027 3356 amici
1048 3316 1140 3358 causa

192 3391 301 3452 fecisse
330 3393 469 3453 fateatur.
513 3392 632 3452 Etenim
655 3411 692 3452 eo
717 3394 793 3468 loc0,
817 3393 913 3452 Fanni
930 3403 961 3453 et
983 3395 1138 3469 Scaevola,
