2602 3864
237 227 279 290 24
616 227 788 283 ananius
1020 229 1133 301 [xvu.
1146 230 1177 285 61

234 393 386 454 emendati
402 413 501 454 mores
512 395 676 457 amicornm
687 397 757 470 sint,
769 407 832 458 tum
844 397 883 459 sit
894 397 972 459 inter
982 417 1036 459 eos
1047 400 1180 459 omnium

234 508 331 550 rerum
347 493 540 553 consiliorum
556 494 745 554 voluntatum
760 496 825 556 sine
840 497 902 555 ulla
914 497 1092 574 exceptione
1103 517 1183 557 com·

234 588 374 662 munitas,
403 599 436 649 ut
464 590 553 649 etiam
578 591 604 650 si
628 610 689 668 qua
712 593 834 653 fortuna
859 584 1011 675 accideritl
1024 603 1057 653 ut
1083 594 1182 654 minus

234 684 331 752 iustae
346 686 510 747 amicorum
525 687 697 748 voluntates
717 689 906 749 adiuvandae
927 691 997 763 sint,
1020 690 1050 749 in
1072 690 1182 767 quibus

234 801 339 843 eorum
360 793 413 843 aut
433 793 524 866 caput
545 795 652 862 agatur
672 795 725 846 aut
745 786 836 859 lama,
850 786 1065 847 declinandum
1080 787 1119 846 de
1133 788 1183 847 via

234 879 282 953 sit,
311 879 403 939 modo
438 899 476 938 ne
503 900 622 939 summa
647 881 801 959 turpitudo
829 893 993 961 sequatur;
1025 893 1073 943 est
1101 885 1183 943 enim

234 987 385 1058 quatenu
400 977 550 1038 amicitiae
563 977 630 1037 dari
643 979 733 1039 venia
753 981 858 1057 possit.
903 981 969 1039 Nec
989 998 1062 1040 vero
1084 981 1184 1058 negle-

227 1062 335 1151 genda
359 1083 406 1134 est
428 1074 518 1148 tama,
544 1093 600 1135 nec
622 1076 773 1136 mediocre
793 1078 886 1137 telum
906 1077 946 1136 ad
963 1094 1012 1136 res
1032 1077 1183 1155 gerendas

235 1170 407 1230 existimare
430 1181 550 1249 oportet
572 1172 815 1233 benevolentiam
842 1173 961 1247 civium,
984 1193 1076 1252 quam
1097 1173 1184 1233 blan·

234 1267 315 1326 ditiis
337 1277 367 1328 et
388 1269 574 1329 assentando
595 1270 737 1347 colligere
759 1280 846 1348 turpe
868 1282 930 1331 est:
963 1271 1065 1345 virtus,
1091 1289 1184 1348 quam

181 1363 217 1422 62
234 1363 370 1439 sequitur
389 1365 508 1438 caritas,
526 1364 648 1423 minime
669 1365 858 1441 repudianda
872 1356 944 1433 esni
971 1366 1184 1442 Sed-saepe

235 1460 314 1519 enim
338 1460 430 1522 redeo
454 1462 494 1521 ad
518 1461 699 1538 Scipionem,
720 1461 804 1521 cuius
826 1462 925 1522 omnis
946 1481 1045 1521 sermo
1066 1472 1130 1522 erat
1144 1462 1183 1521 de

235 1557 608 1634 amicitia—querebatur
622 1558 704 1634 quod
718 1559 859 1618 omnibus
881 1558 912 1617 in
934 1559 1023 1618 rebus
1044 1558 1183 1618 homines

235 1654 442 1732 diligentiores
477 1666 600 1715 essent:
643 1674 751 1732 capras
786 1664 817 1715 et
847 1655 913 1715 ovis
946 1665 1020 1733 quot
1055 1654 1183 1731 quisque

234 1752 361 1812 haberet
383 1751 483 1811 dicere
508 1770 607 1830 posse,
628 1753 742 1812 amicos
765 1762 840 1830 quot
864 1753 990 1812 haberet
1013 1772 1074 1811 non
1091 1771 1183 1829 posse

235 1849 357 1924 dicere;
384 1860 414 1909 et
429 1849 458 1908 in
474 1849 533 1908 illis
554 1850 675 1924 quidem
697 1850 840 1926 parandis
860 1849 1003 1909 adhibere
1019 1867 1130 1921 curam,
1152 1849 1183 1906 in

235 1946 340 2006 amicis
367 1947 528 2024 diligendis
553 1947 742 2024 neglegentis
770 1965 838 2006 esse
865 1965 922 2006 nec
950 1946 1062 2005 habere
1095 1945 1183 2023 quasi

235 2043 323 2121 signa
337 2045 487 2120 quaedam
505 2053 536 2102 et
558 2053 655 2116 notaS,
671 2042 781 2119 quibus
802 2061 865 2115 eos,
887 2042 938 2119 qui
960 2042 999 2100 ad
1021 2042 1183 2101 amicitiam

235 2150 339 2200 essent
354 2139 464 2211 idonei,
480 2139 656 2199 iudicarent.
700 2139 777 2198 Sunt
798 2138 887 2216 igitur
908 2138 985 2196 firmi
1006 2148 1037 2197 et
1058 2137 1183 2198 stabiles

235 2245 267 2294 et
281 2245 456 2296 constantes
471 2234 611 2313 eligendi,
626 2235 711 2294 cuius
725 2233 844 2312 generis
859 2243 907 2294 est
919 2253 1028 2312 magna
1039 2234 1185 2312 penuria3

235 2341 267 2392 et
282 2332 413 2392 iudicare
427 2332 549 2392 difficile
563 2340 610 2391 est
624 2351 699 2391 sane
714 2331 772 2390 nisi
786 2341 951 2409 expertum,
967 2331 1183 2408 experiendum

236 2440 338 2490 autem
365 2440 413 2490 est
447 2429 477 2488 in
506 2427 573 2506 ipsa
605 2429 754 2489 amicitia:
790 2428 832 2488 ita
859 2429 1026 2506 praecurrit
1053 2427 1185 2488 amicitia

182 2527 219 2600 63
236 2524 378 2584 iudicium
406 2525 546 2601 tollitque
573 2523 747 2601 experiendi
771 2533 963 2602 potestatem.
1017 2524 1072 2583 Est
1094 2522 1184 2600 igitur

236 2622 394 2700 prudentis
409 2621 557 2681 sustinere
573 2631 605 2681 ut
626 2641 754 2696 cursum,
770 2621 814 2681 sic
835 2620 980 2698 impetum
1001 2621 1185 2680 benevolen-

237 2719 306 2791 tiae,
330 2738 390 2795 quo
418 2729 545 2790 utamur,
568 2718 654 2794 quasi
682 2717 768 2796 equis
792 2717 947 2795 temptatis
975 2716 1020 2776 sic
1042 2716 1182 2790 amicitia,

237 2815 338 2891 aliqua
362 2825 447 2892 parte
472 2814 647 2900 periclitatis
672 2815 806 2874 moribus
834 2815 1010 2874 amicorum.
1051 2813 1184 2887 Quidam

237 2930 329 2989 saepe
344 2911 375 2971 in
390 2930 484 2988 parva
504 2902 633 2987 pecunia
653 2911 874 2988 perspiciuntur
893 2930 984 2988 quam
1001 2910 1063 2970 sint
1084 2911 1185 2985 leves;

237 3009 360 3087 quidam
383 3018 491 3082 autem,
514 3027 591 3085 quos
612 3028 705 3085 parva
721 3027 842 3068 movere
864 3027 924 3068 non
946 3007 1053 3085 potuit,
1076 3025 1186 3085 cogno

236 3117 363 3167 scuntur
387 3107 417 3165 in
441 3125 559 3183 magna.
603 3106 657 3165 Sin
675 3125 747 3165 vero
769 3115 858 3164 erunt
877 3103 969 3181 aliqui
994 3104 1104 3180 reperti
1132 3103 1185 3180 qui

236 3205 397 3281 pecuniam
418 3204 569 3281 praeferre
591 3203 739 3263 amicitiae
761 3201 916 3262 sordidum
937 3200 1117 3274 existiment,
1133 3201 1185 3259 nbi

238 3320 292 3361 eos
306 3301 503 3374 inveniemus,
518 3300 569 3376 qui
590 3302 721 3359 honores
743 3299 935 3377 magistratus
957 3297 1083 3375 imperia
1104 3307 1186 3374 pote·

238 3408 334 3460 states
349 3417 423 3476 opes
438 3397 585 3458 amicitiae
600 3416 661 3456 non
678 3405 873 3474 anteponant,
889 3405 930 3469 ut,
947 3413 1015 3454 cum
1032 3413 1070 3454 ex
1091 3394 1186 3453 altera
