2602 3864
164 251 234 306 vu.
249 249 297 322 23]
522 249 577 302 ue
603 249 803 303 aureum.
1087 259 1110 323 9

163 438 255 492 mum,
270 418 322 478 illa
336 428 437 478 autern
451 418 608 496 superiora
621 418 738 503 caduca
751 430 783 480 et
797 420 919 496 incerta,
932 422 1033 501 posita
1049 444 1110 484 non

162 527 224 576 tam
248 517 280 574 in
304 517 439 576 consiliis
464 516 575 576 nostris
598 535 689 593 quam
712 498 744 575 iir
767 518 906 578 fortunae
931 521 1110 581 temeritate.

162 612 224 686 Qui
239 622 339 672 autem
354 613 385 670 in
399 613 508 672 virtute
523 631 672 672 summum
687 615 801 674 bonum
816 626 941 692 ponunt,
955 620 1110 694 praeclare

161 709 205 767 illi
220 709 351 786 quidem,
367 709 422 769 sed
444 709 520 769 haec
539 709 606 786 ipsa
620 709 715 770 virtus
735 712 896 771 amicitiam
916 723 947 772 et
964 715 1062 793 gignit
1080 727 1111 776 et

161 807 306 880 continet,
318 824 376 865 nec
389 807 456 866 sine
467 807 574 867 virtute
589 809 721 868 amicitia
733 829 801 869 esse
816 810 879 868 ullo
894 822 985 888 pacto
999 824 1111 892 potest.

143 905 228 1058 jam
240 904 379 963 virtutem
391 923 430 963 ex
444 907 663 966 cousuetudine
675 907 754 965 vitae
767 916 888 966 nostrae
903 909 1110 986 sermonisque
1126 893 1168 970 21¹

162 1001 499 1077 nostriinterpretemur
510 1021 566 1061 nec
577 1021 653 1076 eam,
665 1015 699 1062 ut
712 1003 835 1079 quidam
848 1005 939 1079 docti,
950 1007 1110 1066 verborum

161 1097 385 1175 magnificentia
400 1098 566 1172 metiamur,
581 1101 723 1176 virosque
742 1099 842 1160 bonos
860 1119 914 1161 eos
929 1102 981 1178 qui
1000 1103 1112 1162 haben-

161 1204 208 1253 tur
223 1213 422 1269 numeremuS,
440 1197 551 1256 Paulos
567 1198 701 1256 Catones
713 1196 819 1257 Gallos
837 1198 993 1275 Scipiones
1006 1199 1111 1261 Philos

159 1291 255 1350 —his
272 1293 441 1351 communis
455 1292 517 1350 vita
537 1278 683 1352 contenta
703 1303 862 1354 est-eos
877 1304 979 1354 autem
994 1295 1112 1356 omitta-

161 1407 237 1460 mus,
262 1388 315 1464 qui
338 1389 464 1448 omnino
489 1409 638 1464 nusquam
664 1390 861 1466 reperiuntur.
912 1391 997 1450 Talis
1022 1391 1112 1470 igitur
1126 1412 1162 1452 22

161 1484 239 1543 inter
249 1486 330 1544 viros
345 1486 477 1545 amicitia
490 1495 592 1544 tantas
606 1487 850 1562 opportunitates
865 1489 967 1559 habet,
979 1499 1111 1565 quantas

161 1581 210 1639 vix
229 1600 308 1657 queo
328 1583 439 1642 dicere.
483 1581 635 1658 Principio
650 1583 702 1659 qui
720 1594 822 1660 potest
840 1602 909 1644 esse
923 1585 986 1644 vita
999 1585 1108 1658 vitalis,

160 1689 194 1736 ut
215 1660 262 1736 ai't'
280 1676 405 1751 Ennius,
421 1697 500 1753 quae
523 1697 585 1737 non
607 1679 638 1738 in
661 1680 748 1739 amici
771 1692 875 1741 mutua
896 1682 1111 1742 benevolentia

161 1774 370 1850 conquiescit?
411 1774 494 1846 Quid
510 1775 628 1836 dulcius
639 1796 730 1854 quam
745 1777 858 1837 habere
872 1779 992 1854 quicum
1008 1780 1111 1839 omnia

161 1871 275 1929 audeas
289 1870 333 1930 sic
348 1871 431 1945 loqui
444 1880 477 1928 ut
491 1875 611 1932 tecum?
652 1873 712 1947 Qui
728 1884 810 1933 esset
826 1884 929 1935 tantus
949 1876 1064 1935 tructus
1078 1876 1111 1936 in

160 1967 314 2046 prosperis
335 1967 434 2038 rebus,
451 1968 508 2027 nisi
530 1969 659 2028 haberes
681 1971 733 2046 qui
755 1970 813 2029 illis
835 1989 931 2047 aeque
945 1990 982 2030 ac
996 1982 1030 2031 tu
1044 1972 1110 2049 ipse

159 2064 327 2142 gauderet?
371 2065 522 2124 Adversas
539 2084 610 2125 vero
631 2067 710 2126 ferre
730 2067 852 2126 difficile
874 2078 956 2127 esset
975 2067 1042 2127 sine
1063 2087 1110 2142 eo,

160 2162 213 2238 qui
227 2162 295 2222 illas
308 2162 430 2241 gravius
440 2163 531 2221 etiam
543 2182 633 2238 quarn
648 2173 678 2222 tu
694 2164 795 2222 ferret.
838 2162 980 2240 Denique
990 2172 1110 2224 ceterae

160 2278 218 2333 res,
241 2279 320 2337 quae
342 2270 532 2338 expetuntur,
552 2272 743 2338 opportunae
766 2271 837 2321 sunt
859 2261 997 2340 singulae
1019 2263 1110 2323 rebus

65 2349 67 2353 ’
159 2357 225 2415 fere
239 2357 385 2434 singulis3
404 2357 537 2431 divitiae,
552 2366 586 2415 ut
599 2367 704 2432 utare;
724 2377 808 2435 opes,
823 2368 857 2418 ut
870 2359 991 2434 colare;
1011 2359 1107 2420 hono·

160 2471 219 2524 res,
234 2463 268 2512 ut
290 2454 414 2512 laudere
425 2476 434 2528 3
462 2455 644 2530 voluptates,
658 2464 692 2514 ut
712 2455 848 2532 gaudeas
858 2476 867 2529 ;
897 2455 1051 2528 valetud0‚
1076 2466 1111 2516 ut

162 2550 267 2608 dolore
287 2567 391 2608 careas
409 2560 442 2609 et
460 2551 634 2611 muneribus
656 2552 783 2628 fungare
802 2550 956 2627 corporis:
979 2551 1111 2612 amicitia

161 2665 210 2705 res
225 2645 376 2722 ‘plurimas
398 2646 552 2720 continet;
580 2666 703 2724 quoquo
726 2657 756 2707 te
770 2647 895 2706 verteris
916 2657 1039 2724 praesto
1054 2660 1109 2723 est
1133 2668 1196 2687 *-

161 2743 245 2802 nullo
260 2743 327 2801 loco
341 2741 518 2816 excluditur,
535 2763 698 2821 numquam
714 2743 934 2820 intempestiva,
946 2763 1109 2821 numquam

161 2839 291 2899 molesta
304 2848 352 2898 est
404 2841 513 2917 Itaque
529 2859 590 2899 non
612 2860 700 2918 aqua,
717 2860 779 2900 non
800 2839 871 2918 igni,
885 2850 919 2900 ut
939 2841 1032 2916 aiunt,
1048 2843 1112 2919 plu·

162 2937 245 2996 ribus
259 2935 333 2995 locis
370 2935 564 3014 timurquam
580 2937 722 2997 amicitia.
764 2940 875 3016 Neque
893 2955 952 3015 ego
972 2957 1053 2998 nunc
1071 2940 1110 2998 de

161 3032 276 3110 volgari
291 3042 343 3091 aut
357 3034 396 3092 de
415 3034 568 3107 mediocri,
583 3052 661 3108 quae
680 3043 782 3095 tamen
802 3033 870 3112 ipsa
882 3043 914 3094 et
928 3035 1062 3095 delectat
1080 3045 1112 3095 et

161 3129 295 3204 prodest,
310 3129 366 3188 sed
387 3130 425 3189 de
446 3149 518 3190 vera
537 3139 569 3189 et
589 3131 725 3207 perlecta
745 3130 862 3206 loquor,
878 3130 977 3208 qualis
995 3149 1111 3205 eorum,

162 3223 215 3300 qui
229 3225 318 3300 pauci
332 3225 414 3284 nomi
457 3235 534 3298 ntur,
548 3227 615 3287 fuit.
658 3228 688 3285 N
690 3245 738 3285 arn
749 3235 780 3285 et
791 3227 942 3286 secundas
953 3244 1001 3286 res
1012 3226 1113 3305 splen·

163 3321 297 3382 didiores
315 3322 389 3382 iacit
432 3324 551 3394 micitia,
566 3334 599 3383 et
618 3323 769 3396 adversas,
790 3322 925 3399 partiens
947 3324 1113 3384 communi·

163 3436 307 3496 eamque,
324 3419 461 3479 leviores.
502 3421 576 3479 Vll.
606 3421 745 3497 Cumque
759 3418 904 3496 plurimas
919 3430 950 3480 et
964 3420 1110 3480 maximas
1126 3439 1164 3496 23
