2602 3864
213 197 254 274 36
594 210 764 264 inanius
984 210 1156 280 [xxvr.97

209 381 299 440 rebus
327 380 406 440 fictis
434 389 465 440 et
493 380 679 440 adumbratis
703 379 762 439 loci
789 379 949 458 plurimum
974 391 1030 453 est,
1054 390 1158 440 tamer.

209 497 313 536 verum
327 479 415 550 valet,
432 478 457 537 si
479 477 570 536 modo
592 477 622 536 id
643 479 828 554 patefactum
850 489 881 537 et
903 479 1083 537 illustratum
1101 489 1157 552 est,

211 574 284 650 quid
299 574 329 632 in
344 574 475 633 amicitia
489 574 554 632 fieri
569 583 697 650 oportet,
714 593 791 650 quae
807 584 871 633 tota
885 575 1012 634 veritate
1033 594 1159 653 perpen-

211 672 312 730 ditur?
355 673 391 729 In
414 691 474 747 qua
500 671 565 742 nisi,
581 683 613 730 ut
635 671 751 744 dicitur,
769 682 904 747 apertum
928 683 1035 749 pectus
1053 673 1158 732 videas

211 778 357 844 tuumque
372 768 525 839 ostendas,
537 767 610 825 nihil
625 768 728 840 fidum,
740 768 812 825 nihil
828 769 1017 846 exploratum
1033 771 1157 843 habeas

212 883 250 922 ne
276 883 377 923 amare
400 865 522 940 quidem
543 873 595 922 aut
618 865 720 937 amari,
744 884 812 923 curn
838 865 869 924 id
894 887 985 943 quam
1010 887 1080 926 vere
1105 868 1160 926 fiat

212 962 340 1037 ignores.
370 960 561 1037 Quamquam
577 961 636 1019 ista
652 961 826 1034 assentati0‚
837 964 974 1037 quamvis
989 965 1160 1040 perniciosa

212 1057 258 1129 sit,
275 1075 385 1116 nocere
400 1067 502 1115 tamen
517 1057 630 1115 nemini
650 1067 752 1132 potest
767 1059 825 1118 nisi
840 1060 875 1132 ei,
892 1060 943 1135 qui
964 1079 1032 1119 eam
1054 1062 1160 1138 recipit

212 1164 302 1231 atque
318 1173 355 1212 ea
370 1153 546 1213 delectatur.
590 1157 638 1213 Ita
658 1155 693 1212 fit
714 1165 747 1213 ut
768 1156 794 1214 is
815 1158 1055 1217 assentatoribus
1077 1170 1159 1235 pate-

211 1251 303 1309 faciat
317 1250 397 1309 auris
413 1269 485 1309 suas
505 1251 643 1323 maxime,
658 1251 710 1328 qui
731 1253 795 1329 ipse
817 1254 875 1313 sibi
896 1264 1066 1313 assentetur
1081 1265 1158 1314 etse

159 1351 196 1426 98
212 1347 341 1406 maxime
363 1347 428 1422 ipse
449 1347 588 1406 delectet.
631 1348 765 1408 Omnino
787 1361 833 1410 est
854 1370 959 1408 amans
981 1351 1027 1410 sui
1045 1352 1160 1426 virtus3

213 1445 326 1521 optime
341 1444 421 1502 enim
437 1462 469 1502 se
485 1443 551 1520 ipsa
573 1444 656 1504 novit
678 1464 829 1523 quamque
851 1446 990 1505 amabilis
1012 1447 1051 1507 sit
1072 1447 1158 1505 intel-

213 1542 305 1620 legit:
334 1560 391 1619 ego
412 1551 513 1599 autem
536 1560 597 1599 non
619 1543 657 1601 de
679 1542 787 1603 virtute
809 1562 890 1602 nunc
912 1543 1027 1619 loquor,
1044 1545 1098 1603 sed
1120 1545 1159 1602 de

212 1639 330 1698 virtutis
353 1637 505 1715 opinione.
557 1638 677 1698 Virtute
702 1640 782 1698 enim
811 1640 878 1718 ipsa
901 1659 963 1698 non
987 1650 1049 1699 tam
1073 1640 1159 1699 multi

212 1735 341 1813 praediti
356 1754 423 1794 esse
440 1754 530 1811 quam
545 1736 640 1795 videri
655 1739 768 1798 volunt.
812 1740 882 1798 Hos
904 1738 1036 1797 delectat
1057 1757 1160 1797 assen-

213 1833 296 1903 tatio,
322 1833 369 1892 his
397 1833 486 1891 fictus
515 1834 554 1891 ad
583 1834 715 1912 ipsorum
743 1836 929 1894 voluntatem
960 1855 1059 1895 sermo
1091 1855 1158 1895 cum

214 1930 383 2002 adhibetur,
412 1929 579 1990 orationem
608 1932 689 1991 illam
716 1951 825 1990 vanam
855 1933 1059 1992 testimonium
1092 1951 1159 1991 esse

212 2027 336 2085 laudum
355 2045 477 2085 suarum
499 2037 615 2105 putant.
659 2030 751 2087 Nulla
766 2039 812 2087 est
826 2029 915 2106 igitur
929 2030 1005 2088 haec
1019 2029 1158 2100 amicitia,

212 2143 279 2183 cum
296 2124 373 2182 alter
387 2142 490 2182 verum
513 2123 615 2182 audire
631 2144 691 2181 non
706 2125 777 2193 volt,
794 2126 870 2183 alter
891 2125 930 2182 ad
953 2124 1158 2182 mentiendum

212 2231 336 2300 paratus
351 2230 407 2280 est.
452 2223 481 2278 N
484 2239 518 2278 ec
532 2220 730 2294 parasitorum
753 2219 783 2276 in
805 2219 975 2301 Qiffiss
993 2219 1158 2278 assentatio

210 2321 313 2415 {asceta
327 2318 416 2377 nobis
430 2317 590 2387 videretur,
607 2316 664 2374 nisi
679 2325 781 2374 essent
795 2316 904 2374 milites
917 2316 1052 2392 gloriosi.

317 2471 450 2546 Magnas
463 2489 529 2528 vero
543 2487 626 2544 ogere
634 2468 751 2544 gratias
767 2468 860 2526 Thuri
873 2468 968 2525 milri?

215 2624 295 2683 Satis
307 2632 372 2682 erat
383 2623 567 2698 respondere
581 2621 741 2698 ‘magnas’
767 2619 938 2696 ‘Ingentis'
948 2619 1053 2695 inquit.
1082 2619 1160 2677 Sem-

214 2739 268 2797 per
290 2729 380 2797 auget
401 2728 572 2778 assentator
593 2719 632 2791 id,
651 2717 734 2794 quod
755 2716 789 2788 is,
806 2716 891 2775 cuius
914 2717 953 2774 ad
973 2717 1160 2774 voluntatem

160 2838 198 2895 99
215 2817 331 2889 dicitur,
347 2816 410 2875 volt
425 2833 492 2875 esse
512 2834 662 2892 magnum.
705 2814 805 2888 Quam
827 2813 867 2871 ob
889 2831 960 2885 rem,
977 2831 1159 2888 quamquam

215 2913 329 2973 blanda
343 2913 401 2972 ista
415 2911 533 2969 vanitas
549 2912 629 2987 apud
645 2930 698 2970 eos
713 2912 802 2982 valet,
818 2910 870 2985 qui
889 2909 946 2985 ipsi
967 2909 1047 2967 illam
1064 2910 1162 2967 adlec-

215 3018 282 3068 tant
296 3018 326 3066 et
341 3007 477 3079 invitant,
490 3016 591 3065 tamen
607 3007 696 3064 etiarn
711 3006 864 3083 graviores
879 3005 1161 3081 constantioresque

216 3103 400 3164 admonendi
422 3112 501 3175 sunt,
518 3113 552 3162 ut
572 3102 815 3162 animadvertant
837 3122 874 3161 ne
896 3101 1008 3162 callida
1030 3112 1162 3161 assenta-

216 3203 299 3261 tione
324 3200 490 3276 capiantur.
540 3201 653 3276 Aperte
681 3199 762 3258 enim
788 3199 960 3258 adulantem
986 3218 1076 3258 nemo
1101 3217 1162 3257 non

217 3300 308 3372 videt,
335 3297 392 3356 nisi
417 3296 468 3372 qui
493 3297 656 3356 admodum
679 3306 726 3354 est
751 3314 873 3356 excors:
909 3296 1037 3357 callidus
1060 3296 1110 3355 ille
1133 3305 1164 3354 et

216 3398 352 3457 occultus
374 3413 412 3454 ne
433 3413 466 3453 se
488 3394 628 3466 insinuet,
651 3394 786 3453 studiose
808 3394 975 3453 cavendum
998 3403 1054 3454 est.
1096 3394 1164 3452 Nec
