2602 3864
147 267 214 320 xx.
229 270 278 335 72]
490 263 546 316 ua
570 261 772 316 Aurcrrrn.
1054 258 1095 323 27

147 454 215 496 esse
229 435 372 498 inferiori.
417 435 515 511 Saepe
529 431 609 490 enim
624 429 822 489 excellentiae
844 428 992 506 quaedam
1015 436 1095 499 sunt,

147 533 245 609 qualis
273 542 337 591 erat
369 531 518 607 Scipionis
542 530 573 589 in
598 538 711 601 nostro,
738 537 771 586 ut
795 528 839 586 ita
862 527 969 599 dicam,
994 543 1096 603 grege.

148 632 321 706 Numquam
337 648 368 688 se
391 628 441 686 ille
464 627 562 700 Philo,
585 643 748 701 numquam
771 624 906 701 Rupilio,
929 640 1096 698 numquam

147 727 296 785 Mummio
314 724 492 801 anteposuit,
509 740 672 799 numquam
687 721 837 781 interioris
851 720 966 780 ordinis
981 719 1096 781 amicis

147 826 187 897 Q.
213 843 286 884 vero
316 823 483 882 Maximum
507 824 640 893 fratrem,
664 820 817 897 egregium
841 819 936 878 virum
962 819 1096 893 omnino

146 922 204 980 sibi
229 939 422 999 nequaquam
445 938 558 997 parem,
580 918 663 995 quod
684 917 710 976 is
732 917 868 976 anteibat
890 924 998 989 aetate,
1021 927 1097 976 tam·

147 1037 237 1095 quam
252 1018 437 1094 superiorem
455 1017 576 1077 colebat
595 1032 729 1091 suosque
751 1014 851 1073 omnis
873 1033 927 1090 per
950 1033 983 1073 se
1005 1036 1097 1094 posse

146 1134 214 1175 esse
230 1115 391 1191 ampliores
401 1113 531 1173 volebat.
569 1113 660 1187 Quod
671 1111 842 1170 faciendum
856 1111 1096 1191 imitandumque
1113 1132 1149 1193 70

146 1219 193 1269 est
215 1210 365 1282 omnibus,
386 1220 427 1282 ut,
448 1209 474 1268 si
498 1227 587 1284 quarn
612 1206 828 1284 praestantiam
853 1207 972 1268 virtutis
996 1210 1098 1288 ingeni

146 1309 286 1366 fortunae
305 1306 461 1366 consecuti
485 1315 564 1378 sunt,
590 1305 764 1390 impertiant
788 1323 824 1364 ea
847 1307 910 1366 suis
935 1309 1099 1368 communi-

146 1419 277 1482 centque
312 1424 380 1465 cum
408 1404 572 1482 proximis;
590 1388 647 1476 ut,
677 1403 704 1463 si
732 1404 909 1481 parentibus
941 1408 1004 1466 nati
1037 1408 1098 1466 sint

146 1503 317 1576 humilibus
330 1503 357 1564 si
370 1503 557 1581 propinquos
571 1502 706 1561 habeant
721 1501 918 1562 imbecilliore
933 1504 981 1563 vel
996 1504 1097 1564 animo

144 1604 194 1663 vel
209 1601 339 1677 fortuna,
355 1620 458 1663 eorum
481 1611 613 1679 augeant
634 1619 709 1678 opes
732 1601 836 1677 eisque
857 1601 964 1678 honori
986 1601 1047 1661 sint
1067 1612 1098 1661 et

147 1700 306 1779 dignitati:
335 1709 369 1760 ut
383 1699 413 1758 in
428 1698 548 1771 fabulis,
565 1698 616 1775 qui
631 1698 817 1775 aliquamdiu
838 1707 962 1774 propter
982 1697 1099 1776 ignora·
1193 1699 1194 1702 ’

147 1799 259 1857 tionem
274 1798 376 1875 stirpis
390 1807 421 1855 et
435 1795 555 1874 generis
571 1796 600 1854 in
623 1795 770 1855 famulatu
792 1796 923 1866 fuerunt,
940 1815 1008 1854 cum
1030 1815 1098 1873 cog-

147 1897 202 1958 niti
217 1906 288 1957 sunt
302 1906 333 1955 et
347 1904 399 1955 aut
414 1895 538 1954 deorum
555 1903 607 1953 aut
629 1911 733 1972 regum
754 1893 815 1969 filii
829 1893 952 1967 inventi,
968 1893 1099 1953 retinent

146 2004 248 2054 tamen
264 1993 419 2054 caritatem
435 1992 465 2050 in
481 2001 628 2068 pastores,
644 2011 721 2067 quos
743 2001 846 2068 patres
868 1991 979 2050 multos
1000 2010 1098 2049 annos

147 2110 215 2152 esse
230 2093 389 2151 duxerunt.
430 2087 522 2162 Quod
538 2099 586 2150 est
599 2090 695 2148 multo
711 2090 849 2165 prolecto
863 2088 959 2165 magis
974 2087 1004 2145 in
1018 2087 1097 2146 veris

146 2190 282 2267 patribus
297 2188 448 2264 certisque
462 2187 647 2246 faciendum.
693 2188 821 2246 Fructus
842 2186 922 2244 enim
944 2185 1046 2262 ingeni
1067 2193 1098 2243 et

146 2287 265 2346 virtutis
293 2285 453 2360 omnisque
477 2283 682 2361 praestantiae
708 2293 770 2343 tum
795 2282 942 2342 maximus
971 2283 1095 2359 capitur,

146 2402 214 2443 cum
230 2384 261 2441 in
275 2382 443 2459 proximum
458 2399 610 2457 quemque
626 2381 787 2440 confertur.

187 2482 257 2539 XX.
298 2480 343 2538 Ut
358 2478 446 2555 igitur
459 2477 497 2550 ei,
509 2478 559 2553 qui
571 2488 642 2536 sunt
654 2478 684 2536 in
700 2478 850 2537 amicitiae
865 2477 1098 2536 coniunctionis·
1113 2494 1147 2555 71

147 2595 206 2654 que
236 2574 459 2634 necessitudine
487 2574 666 2650 superiores,
696 2592 865 2650 exaequare
893 2593 926 2634 se
954 2593 1023 2633 cum
1055 2575 1097 2632 in·

146 2673 307 2732 ferioribus
332 2671 454 2742 debent,
479 2671 523 2729 sic
544 2671 702 2730 inferiores
726 2690 786 2729 non
811 2673 914 2730 dolere
938 2691 970 2731 se
994 2691 1012 2730 a
1034 2672 1096 2731 suis

147 2779 199 2829 aut
214 2767 336 2846 ingenio
351 2777 402 2826 aut
416 2768 537 2826 fortuna
551 2777 604 2826 aut
618 2767 764 2845 dignitate
779 2769 922 2844 superari.
959 2769 1096 2842 Quorum

147 2866 284 2943 plerique
308 2873 361 2924 aut
385 2873 551 2940 queruntur
579 2883 698 2941 semper
720 2865 832 2941 aliquid
856 2876 908 2925 aut
933 2867 1023 2925 etiam
1047 2887 1097 2926 ex-

147 2962 301 3039 probrant,
316 2979 415 3037 eoque
427 2961 531 3038 magis,
543 2960 568 3020 si
585 2962 695 3020 habere
706 2980 739 3021 se
751 2971 859 3038 putant
870 2963 952 3038 quod
962 2964 1096 3024 officiose

147 3069 178 3117 et
192 3059 288 3118 amice
303 3068 333 3117 et
347 3077 415 3117 cum
431 3057 533 3117 labore
547 3059 649 3133 aliquo
664 3079 719 3119 suo
730 3060 842 3118 factum
856 3073 970 3136 queant
980 3063 1096 3123 dicere:

148 3155 287 3214 odiosum
315 3173 389 3213 sane
412 3173 508 3231 genus
531 3153 686 3212 hominum
712 3155 811 3214 officia
839 3157 1094 3232 exprobrantium,

149 3269 227 3327 quae
250 3251 421 3309 meminisse
447 3232 538 3309 debet
563 3251 597 3321 is,
623 3251 654 3308 in
679 3269 766 3326 quem
791 3252 904 3310 collata
928 3265 1007 3326 sunt,
1033 3275 1094 3314 non

148 3365 384 3406 commemorare
404 3344 455 3420 qui
477 3346 613 3405 contulit.
655 3346 753 3419 Quam
778 3347 817 3406 ob
841 3367 912 3421 rem,
933 3359 966 3407 ut
982 3353 1018 3423 ei,
1044 3352 1095 3427 qui
1111 3370 1146 3429 72

150 3443 320 3520 superiores
344 3452 423 3514 sunt,
446 3443 622 3502 submittere
647 3462 680 3502 se
705 3444 818 3502 debent
843 3444 872 3502 in
895 3446 1035 3514 amicitia,
1051 3447 1095 3509 sic
