2602 3864
207 232 231 293 4
590 230 762 284 inscius
1067 231 1155 302 [ris

205 421 267 460 non
289 397 479 471 commoveri,
501 416 557 456 nec
578 397 671 456 luisse
694 397 724 457 id
745 397 941 458 humanitatis
956 407 1043 459 tuae:
1072 401 1153 476 quod

204 509 306 557 autern
322 495 421 555 Nonis
441 495 471 552 in
491 494 620 570 collegio
636 506 739 553 nostro
761 515 820 553 non
843 495 991 568 affuisses,
1007 497 1154 556 valetudi-

204 612 273 653 nem
288 591 459 669 respondeo
475 609 608 663 causam,
624 610 685 649 non
700 592 880 650 maestitiam
895 591 995 650 luisse.

243 692 390 750 Lnnrrus.
434 689 530 746 Recte
552 697 584 746 tu
606 687 738 763 quidem,
759 689 913 762 Scaevola,
936 699 966 748 et
987 708 1075 750 vere:
1096 711 1154 752 nec

203 788 283 847 eninr
295 788 334 847 ab
349 787 408 845 isto
424 784 532 856 offici0,
546 785 628 861 quod
644 802 762 861 semper
773 786 916 862 usurpavi
931 805 997 844 curn
1011 786 1152 862 valerem,

202 884 313 944 abduci
336 880 530 942 incommodo
553 899 622 939 meo
645 880 745 953 debui,
767 900 823 940 nec
846 882 908 940 ullo
928 901 1001 941 casu
1024 883 1154 943 arbitror

201 981 261 1039 hoc
276 977 428 1040 constanti
443 975 559 1035 homini
574 994 665 1054 posse
680 977 865 1054 contingere,
880 987 913 1036 ut
927 978 989 1037 ulla
1006 979 1153 1040 intermis·

167 1097 185 1154 9
201 1078 248 1137 sio
262 1078 315 1136 fiat
329 1075 418 1136 offici.
461 1075 509 1132 Tu
525 1084 635 1146 autem,
651 1074 758 1147 Fanni,
775 1075 858 1151 quod
876 1074 949 1132 mihi
968 1085 1085 1135 tantum
1100 1077 1152 1136 tri-

201 1174 253 1234 bui
274 1174 359 1247 dicis,
382 1181 527 1248 quantum
550 1190 608 1248 ego
629 1189 686 1230 nec
706 1190 840 1248 agnosco
860 1189 917 1230 nec
930 1173 1060 1248 postulo,
1075 1175 1152 1234 facis

202 1271 306 1345 amice,
323 1271 386 1341 sed,
401 1280 434 1329 ut
448 1269 521 1327 mihi
535 1267 654 1341 videris,
672 1288 733 1327 non
748 1278 829 1327 recte
841 1267 957 1327 iudicas
972 1270 1010 1328 de
1023 1271 1150 1332 Catone.

200 1370 264 1427 Aut
278 1367 357 1426 enim
374 1385 472 1438 nemo,
488 1365 569 1441 quod
585 1363 706 1439 quidem
729 1365 824 1441 magis
839 1366 939 1437 cred0‚
955 1376 1017 1439 aut,
1032 1367 1058 1426 si
1072 1368 1152 1443 quis-

201 1483 300 1540 quam,
324 1464 375 1523 ille
398 1463 520 1540 sapiens
541 1462 607 1520 fuit.
650 1460 721 1534 Quo
745 1462 846 1534 modo,
867 1471 901 1520 ut
922 1462 981 1521 alia
1003 1464 1149 1539 omittam,

199 1571 327 1620 mortem
348 1559 391 1618 fili
413 1559 499 1618 tulit!
542 1557 743 1616 Memineram
766 1558 902 1628 Paulum,
922 1559 1055 1617 videram
1077 1561 1149 1619 Gal·

199 1657 280 1731 lum;
307 1656 363 1716 sed
376 1655 408 1712 lri
422 1655 453 1712 in
468 1654 577 1731 pueris,
590 1654 670 1713 Cato
684 1653 714 1711 in
729 1654 866 1729 perfecto
881 1664 911 1712 et
926 1667 1064 1730 spectato
1075 1657 1148 1718 viro.

149 1773 184 1812 10
199 1753 299 1827 Quam
321 1753 362 1812 ob
381 1770 444 1811 rem
465 1769 538 1810 cave
555 1750 665 1810 Catoni
680 1760 851 1826 anteponas
868 1770 905 1810 ne
921 1752 1011 1810 istum
1027 1754 1149 1828 quidem

200 1849 308 1926 ipsum,
330 1867 420 1924 quem
442 1849 563 1925 Apollo,
578 1857 611 1907 ut
633 1847 686 1919 aie,
708 1846 964 1923 sapientissimum
987 1848 1148 1911 iudicavit&

197 1946 286 2006 huius
301 1946 381 2005 enim
395 1946 485 2018 facta,
501 1945 581 2004 illius
596 1944 678 2003 dicta
692 1943 863 2002 laudantur.
907 1945 955 2003 De
972 1963 1019 2002 me
1037 1956 1147 2021 autem,

197 2053 232 2103 ut
259 2043 318 2103 iarn
352 2062 420 2102 curn
453 2052 582 2117 utroque
610 2050 744 2100 vestrum
775 2039 891 2114 loquar,
920 2042 964 2100 sic
993 2042 1146 2102 habetote.

198 2141 259 2199 Ill.
295 2141 360 2218 Ego
372 2139 397 2198 si
414 2138 564 2215 Scipionis
576 2136 727 2196 desiderio
739 2154 787 2194 me
798 2136 911 2194 moveri
926 2155 1042 2213 negem,
1056 2157 1146 2213 quam

198 2236 228 2295 id
251 2246 333 2295 recte
355 2235 465 2294 faciam
488 2233 618 2292 viderint
643 2232 805 2309 sapientes,
830 2232 885 2291 sed
904 2243 985 2292 certe
1008 2236 1145 2296 mentiar.

198 2335 328 2392 Moveor
354 2331 434 2392 enirn
460 2330 514 2390 tali
536 2330 792 2415 amico-orpatus‚
820 2329 926 2404 qualis,
952 2340 985 2388 ut
1010 2330 1146 2406 arbitror,

197 2449 286 2489 nemo
308 2447 452 2505 umquam
471 2427 535 2498 erit,
550 2436 583 2485 ut
605 2426 783 2485 confirmare
806 2445 939 2502 possum,
955 2445 1045 2486 nemo
1064 2438 1146 2489 certe

196 2527 262 2586 fuit.
316 2526 377 2585 Sed
402 2545 464 2584 non
491 2543 567 2602 egeo
591 2523 759 2582 medicina:
789 2542 837 2582 me
861 2523 925 2600 ipse
950 2525 1092 2585 consolor
1115 2537 1146 2587 et

196 2622 326 2682 maxime
344 2622 396 2681 illo
418 2621 540 2693 solacio,
557 2620 639 2697 quod
660 2637 697 2679 eo
719 2639 819 2680 errore
841 2639 939 2690 careo,
955 2641 1016 2698 quo
1038 2623 1146 2683 amico

197 2738 261 2778 rum
277 2720 404 2779 decessu
419 2718 554 2795 plerique
569 2717 639 2794 angi
657 2717 765 2776 solent.
808 2718 893 2776 Nihil
908 2719 978 2776 mali
998 2720 1145 2780 accidisse

198 2814 332 2892 Scipioni
346 2824 437 2891 puto:
465 2813 538 2872 mihi
553 2813 671 2886 accidit,
684 2814 708 2873 si
725 2813 797 2890 quid
813 2815 942 2888 accidit;
970 2816 1032 2875 suis
1044 2827 1145 2875 autem

196 2911 396 2971 incommodis
416 2910 547 2989 graviter
571 2911 641 2988 angi
666 2929 726 2968 non
751 2910 888 2983 amicum,
912 2912 966 2969 sed
989 2930 1022 2970 se
1045 2912 1143 2988 ipsum

146 3028 178 3067 11
197 2990 326 3068 amantis
341 3019 395 3068 est.
439 3010 515 3068 Cum
532 3007 583 3067 illo
595 3026 665 3066 vero
680 3007 747 3083 quis
759 3017 849 3084 neget
864 3018 963 3066 actum
979 3027 1046 3067 esse
1062 3029 1145 3086 prae-

196 3105 299 3165 clare?
340 3104 407 3164 Nisi
430 3105 521 3176 enim,
545 3105 627 3180 quod
651 3103 700 3162 ille
723 3103 845 3162 minime
868 3102 1003 3180 putabat,
1028 3104 1144 3165 immor·

195 3201 344 3262 talitatem
372 3211 478 3277 optare
506 3201 605 3274 vellet,
632 3199 705 3276 quid
733 3219 793 3258 non
823 3199 952 3277 adeptus
980 3211 1034 3275 est,
1060 3203 1144 3277 quod

195 3298 311 3358 homini
334 3299 382 3357 fas
407 3307 489 3357 esset
516 3307 630 3374 optare,
656 3296 707 3372 qui
735 3315 881 3356 summam
911 3315 995 3373 spem
1024 3297 1142 3373 civium,

195 3414 287 3472 quarn
302 3395 341 3454 de
355 3414 393 3454 eo
407 3394 467 3453 iarn
487 3413 582 3471 puero
603 3394 781 3465 habuerant,
796 3394 940 3453 continuo
962 3395 1142 3456 adulescens
